[{"timestamp":1757148899245,"lastUpdateId":75891698380,"bids":[["110952.76000000","11.83769000"],["110952.75000000","0.01565000"],["110952.74000000","0.00470000"],["110952.01000000","0.00010000"],["110952.00000000","0.04369000"],["110951.84000000","0.00010000"],["110951.83000000","0.00911000"],["110951.66000000","0.00010000"],["110951.65000000","0.04816000"],["110950.38000000","0.00005000"],["110950.29000000","0.00173000"],["110950.05000000","0.00005000"],["110950.01000000","0.00175000"],["110950.00000000","0.04360000"],["110949.58000000","0.00005000"],["110949.53000000","0.99211000"],["110949.52000000","1.07902000"],["110949.31000000","0.00906000"],["110948.49000000","0.00044000"],["110948.41000000","0.00005000"]],"asks":[["110952.77000000","4.71868000"],["110952.78000000","0.00065000"],["110952.91000000","0.00027000"],["110953.98000000","0.00010000"],["110953.99000000","0.10450000"],["110954.00000000","0.04365000"],["110954.01000000","0.00032000"],["110954.14000000","0.00005000"],["110954.17000000","0.00635000"],["110954.55000000","0.00010000"],["110954.56000000","0.30422000"],["110955.36000000","0.00005000"],["110955.55000000","0.00018000"],["110955.63000000","0.00010000"],["110955.64000000","0.04977000"],["110955.99000000","0.00005000"],["110956.00000000","0.04645000"],["110956.31000000","0.05005000"],["110956.52000000","0.00007000"],["110957.25000000","0.40578000"]]},{"timestamp":1757148869244,"lastUpdateId":75891694130,"bids":[["110952.76000000","11.83769000"],["110952.75000000","0.01565000"],["110952.74000000","0.00470000"],["110952.01000000","0.00010000"],["110952.00000000","0.04369000"],["110951.84000000","0.00010000"],["110951.83000000","0.00911000"],["110951.66000000","0.00005000"],["110951.65000000","0.04816000"],["110950.29000000","0.00173000"],["110950.05000000","0.00005000"],["110950.01000000","0.00175000"],["110950.00000000","0.04360000"],["110949.91000000","0.00011000"],["110949.58000000","0.00005000"],["110949.53000000","0.99211000"],["110949.52000000","1.07902000"],["110949.31000000","0.00906000"],["110948.41000000","0.00005000"],["110948.01000000","0.00113000"]],"asks":[["110952.77000000","4.71868000"],["110952.78000000","0.00065000"],["110953.27000000","0.00010000"],["110953.28000000","0.01843000"],["110953.87000000","0.00010000"],["110953.88000000","0.01020000"],["110953.99000000","0.10450000"],["110954.00000000","0.04365000"],["110954.01000000","0.00032000"],["110954.14000000","0.00005000"],["110954.17000000","0.00635000"],["110955.36000000","0.00005000"],["110955.55000000","0.00018000"],["110955.63000000","0.00010000"],["110955.64000000","0.04977000"],["110955.99000000","0.00005000"],["110956.00000000","0.04645000"],["110956.52000000","0.00007000"],["110956.62000000","0.00005000"],["110957.23000000","0.40578000"]]},{"timestamp":1757148869244,"lastUpdateId":75891694130,"bids":[["110952.76000000","13.08113000"],["110952.75000000","0.01564000"],["110952.74000000","0.01416000"],["110952.01000000","0.00010000"],["110952.00000000","0.04369000"],["110951.84000000","0.00010000"],["110951.83000000","0.00911000"],["110951.66000000","0.00005000"],["110951.65000000","0.04816000"],["110950.29000000","0.00173000"],["110950.05000000","0.00005000"],["110950.01000000","0.00170000"],["110950.00000000","0.04355000"],["110949.91000000","0.00011000"],["110949.58000000","0.00005000"],["110949.53000000","0.99211000"],["110949.52000000","1.07902000"],["110949.31000000","0.00901000"],["110948.41000000","0.00005000"],["110948.01000000","0.00113000"]],"asks":[["110952.77000000","2.08576000"],["110952.78000000","0.00075000"],["110953.27000000","0.00010000"],["110953.28000000","0.01843000"],["110953.87000000","0.00010000"],["110953.88000000","0.01020000"],["110953.99000000","0.00010000"],["110954.00000000","0.04350000"],["110954.01000000","0.00032000"],["110954.14000000","0.00005000"],["110954.17000000","0.00635000"],["110955.36000000","0.00005000"],["110955.55000000","0.00018000"],["110955.63000000","0.00010000"],["110955.64000000","0.04977000"],["110955.99000000","0.00005000"],["110956.00000000","0.04645000"],["110956.52000000","0.00007000"],["110956.62000000","0.04996000"],["110957.23000000","0.40578000"]]},{"timestamp":1757148839244,"lastUpdateId":75891689445,"bids":[["110952.76000000","11.83769000"],["110952.75000000","0.01565000"],["110952.74000000","0.00470000"],["110952.53000000","0.00010000"],["110952.52000000","0.00010000"],["110952.51000000","0.03000000"],["110952.00000000","0.04369000"],["110951.83000000","0.00911000"],["110950.29000000","0.00173000"],["110950.05000000","0.00005000"],["110950.01000000","0.00175000"],["110950.00000000","0.04360000"],["110949.91000000","0.00011000"],["110949.58000000","0.00005000"],["110949.53000000","0.99211000"],["110949.52000000","1.07902000"],["110949.31000000","0.00906000"],["110948.74000000","0.00044000"],["110948.46000000","0.09011000"],["110948.41000000","0.00005000"]],"asks":[["110952.77000000","4.71868000"],["110952.78000000","0.00065000"],["110953.99000000","0.10450000"],["110954.00000000","0.04365000"],["110954.01000000","0.00032000"],["110954.14000000","0.00005000"],["110954.16000000","0.00010000"],["110954.17000000","0.00635000"],["110955.22000000","0.00010000"],["110955.23000000","0.00005000"],["110955.36000000","0.00005000"],["110955.55000000","0.00018000"],["110955.91000000","0.00015000"],["110955.99000000","0.00005000"],["110956.00000000","0.04645000"],["110956.52000000","0.00007000"],["110957.46000000","0.00005000"],["110957.58000000","0.00010000"],["110957.59000000","0.60910000"],["110957.60000000","0.00005000"]]},{"timestamp":1757148839244,"lastUpdateId":75891689445,"bids":[["110952.76000000","13.08113000"],["110952.75000000","0.01564000"],["110952.74000000","0.01416000"],["110952.53000000","0.00010000"],["110952.52000000","0.00010000"],["110952.51000000","0.03000000"],["110952.00000000","0.04369000"],["110951.83000000","0.00911000"],["110950.29000000","0.00173000"],["110950.05000000","0.00005000"],["110950.01000000","0.00170000"],["110950.00000000","0.04355000"],["110949.91000000","0.00011000"],["110949.58000000","0.00005000"],["110949.53000000","0.99211000"],["110949.52000000","1.07902000"],["110949.31000000","0.00901000"],["110948.74000000","0.00044000"],["110948.46000000","0.09011000"],["110948.41000000","0.00005000"]],"asks":[["110952.77000000","2.08576000"],["110952.78000000","0.00075000"],["110953.99000000","0.00010000"],["110954.00000000","0.04350000"],["110954.01000000","0.00032000"],["110954.14000000","0.00005000"],["110954.16000000","0.00010000"],["110954.17000000","0.00635000"],["110955.22000000","0.00010000"],["110955.23000000","0.00005000"],["110955.36000000","0.00005000"],["110955.55000000","0.00018000"],["110955.91000000","0.00015000"],["110955.99000000","0.00005000"],["110956.00000000","0.04645000"],["110956.52000000","0.00007000"],["110957.46000000","0.00032000"],["110957.58000000","0.00010000"],["110957.59000000","0.60915000"],["110957.60000000","0.00005000"]]},{"timestamp":1757148839244,"lastUpdateId":75891689445,"bids":[["110952.76000000","12.32106000"],["110952.75000000","0.00011000"],["110952.74000000","0.00961000"],["110952.53000000","0.00010000"],["110952.52000000","1.11951000"],["110952.51000000","0.03000000"],["110952.00000000","0.04369000"],["110951.83000000","0.00906000"],["110950.29000000","0.00173000"],["110950.05000000","0.00005000"],["110950.01000000","0.00170000"],["110950.00000000","0.04355000"],["110949.91000000","0.00011000"],["110949.58000000","0.00005000"],["110949.53000000","0.00010000"],["110949.52000000","1.07907000"],["110949.31000000","0.00911000"],["110948.74000000","0.00044000"],["110948.46000000","0.09011000"],["110948.41000000","0.04841000"]],"asks":[["110952.77000000","2.15400000"],["110952.78000000","0.00065000"],["110953.99000000","0.00010000"],["110954.00000000","0.04360000"],["110954.01000000","0.00032000"],["110954.14000000","0.00005000"],["110954.16000000","0.00010000"],["110954.17000000","0.00645000"],["110955.22000000","0.00005000"],["110955.23000000","0.01010000"],["110955.36000000","0.00005000"],["110955.55000000","0.00018000"],["110955.91000000","0.00005000"],["110955.99000000","0.00010000"],["110956.00000000","0.04645000"],["110956.52000000","0.00007000"],["110957.46000000","0.00030000"],["110957.58000000","0.00010000"],["110957.59000000","0.60920000"],["110957.60000000","0.40578000"]]},{"timestamp":1757148809237,"lastUpdateId":75891685802,"bids":[["110952.76000000","11.83769000"],["110952.75000000","0.00006000"],["110952.74000000","0.00470000"],["110952.52000000","0.00010000"],["110952.51000000","0.03000000"],["110952.01000000","0.00010000"],["110952.00000000","0.04369000"],["110951.84000000","0.00010000"],["110951.83000000","0.00911000"],["110950.29000000","0.00173000"],["110950.05000000","0.00005000"],["110950.01000000","0.00175000"],["110950.00000000","0.04360000"],["110949.91000000","0.00011000"],["110949.58000000","0.00005000"],["110949.53000000","0.99211000"],["110949.52000000","1.07902000"],["110949.31000000","0.00906000"],["110949.23000000","0.00044000"],["110948.79000000","0.00088000"]],"asks":[["110952.77000000","4.71868000"],["110952.78000000","0.00065000"],["110953.99000000","0.10450000"],["110954.00000000","0.04365000"],["110954.01000000","0.00032000"],["110954.14000000","0.00005000"],["110954.16000000","0.00010000"],["110954.17000000","0.00635000"],["110955.36000000","0.00005000"],["110955.55000000","0.00018000"],["110955.99000000","0.00005000"],["110956.00000000","0.04645000"],["110956.52000000","0.00007000"],["110957.46000000","0.00005000"],["110957.67000000","0.00010000"],["110957.68000000","0.35350000"],["110957.69000000","0.40578000"],["110957.71000000","0.00005000"],["110957.99000000","0.00005000"],["110958.00000000","0.04345000"]]},{"timestamp":1757148809237,"lastUpdateId":75891685802,"bids":[["110952.76000000","13.08113000"],["110952.75000000","0.00006000"],["110952.74000000","0.01416000"],["110952.52000000","0.00010000"],["110952.51000000","0.03000000"],["110952.01000000","0.00010000"],["110952.00000000","0.04369000"],["110951.84000000","0.00010000"],["110951.83000000","0.00911000"],["110950.29000000","0.00173000"],["110950.05000000","0.00005000"],["110950.01000000","0.00170000"],["110950.00000000","0.04355000"],["110949.91000000","0.00011000"],["110949.58000000","0.00005000"],["110949.53000000","0.99211000"],["110949.52000000","1.07902000"],["110949.31000000","0.00901000"],["110949.23000000","0.00044000"],["110948.79000000","0.00088000"]],"asks":[["110952.77000000","2.08576000"],["110952.78000000","0.00075000"],["110953.99000000","0.00010000"],["110954.00000000","0.04350000"],["110954.01000000","0.00032000"],["110954.14000000","0.00005000"],["110954.16000000","0.00010000"],["110954.17000000","0.00635000"],["110955.36000000","0.00005000"],["110955.55000000","0.00018000"],["110955.99000000","0.00005000"],["110956.00000000","0.04645000"],["110956.52000000","0.00007000"],["110957.46000000","0.00032000"],["110957.67000000","0.00010000"],["110957.68000000","0.35350000"],["110957.69000000","0.40578000"],["110957.71000000","0.00005000"],["110957.99000000","0.00005000"],["110958.00000000","0.04345000"]]},{"timestamp":1757148809237,"lastUpdateId":75891685802,"bids":[["110952.76000000","12.32106000"],["110952.75000000","0.00006000"],["110952.74000000","0.00961000"],["110952.52000000","1.11951000"],["110952.51000000","0.03000000"],["110952.01000000","0.00010000"],["110952.00000000","0.04369000"],["110951.84000000","0.00010000"],["110951.83000000","0.00906000"],["110950.29000000","0.00173000"],["110950.05000000","0.00005000"],["110950.01000000","0.00170000"],["110950.00000000","0.04355000"],["110949.91000000","0.00011000"],["110949.58000000","0.00005000"],["110949.53000000","0.00010000"],["110949.52000000","1.07907000"],["110949.31000000","0.00911000"],["110949.23000000","0.00044000"],["110948.79000000","0.00088000"]],"asks":[["110952.77000000","2.15400000"],["110952.78000000","0.00065000"],["110953.99000000","0.00010000"],["110954.00000000","0.04360000"],["110954.01000000","0.00032000"],["110954.14000000","0.00005000"],["110954.16000000","0.00010000"],["110954.17000000","0.00645000"],["110955.36000000","0.00005000"],["110955.55000000","0.00018000"],["110955.99000000","0.00010000"],["110956.00000000","0.04645000"],["110956.52000000","0.00007000"],["110957.46000000","0.00030000"],["110957.67000000","0.00010000"],["110957.68000000","0.35350000"],["110957.69000000","0.40578000"],["110957.71000000","0.00005000"],["110957.99000000","0.00005000"],["110958.00000000","0.08878000"]]},{"timestamp":1757148809237,"lastUpdateId":75891685802,"bids":[["110952.76000000","12.36253000"],["110952.75000000","0.00016000"],["110952.74000000","0.00010000"],["110952.52000000","0.04081000"],["110952.51000000","0.03010000"],["110952.01000000","0.00010000"],["110952.00000000","0.04369000"],["110951.84000000","0.00010000"],["110951.83000000","0.00906000"],["110950.29000000","0.00173000"],["110950.05000000","0.00005000"],["110950.01000000","0.00180000"],["110950.00000000","0.04355000"],["110949.91000000","0.00011000"],["110949.58000000","0.00005000"],["110949.53000000","1.08911000"],["110949.52000000","1.15385000"],["110949.31000000","0.00906000"],["110949.23000000","0.00044000"],["110948.79000000","0.00088000"]],"asks":[["110952.77000000","1.72461000"],["110952.78000000","0.00070000"],["110953.99000000","0.00010000"],["110954.00000000","0.04360000"],["110954.01000000","0.00032000"],["110954.14000000","0.00005000"],["110954.16000000","0.00010000"],["110954.17000000","0.00640000"],["110955.36000000","0.00005000"],["110955.55000000","0.00018000"],["110955.99000000","0.00010000"],["110956.00000000","0.04645000"],["110956.52000000","0.00007000"],["110957.46000000","0.00005000"],["110957.67000000","0.00010000"],["110957.68000000","0.49236000"],["110957.69000000","0.40583000"],["110957.71000000","0.00005000"],["110957.99000000","0.00005000"],["110958.00000000","0.08878000"]]},{"timestamp":1757148779231,"lastUpdateId":75891673951,"bids":[["110929.29000000","0.05260000"],["110929.28000000","0.00494000"],["110929.27000000","0.03032000"],["110928.64000000","0.00010000"],["110928.63000000","0.51584000"],["110928.01000000","0.71200000"],["110928.00000000","0.04340000"],["110927.85000000","0.00005000"],["110927.00000000","0.00830000"],["110926.99000000","1.16758000"],["110926.98000000","0.09035000"],["110926.97000000","0.00906000"],["110926.82000000","0.00471000"],["110926.29000000","0.00005000"],["110926.28000000","0.00095000"],["110926.02000000","0.00005000"],["110925.76000000","0.00044000"],["110925.57000000","2.26653000"],["110925.56000000","0.32451000"],["110925.53000000","0.10032000"]],"asks":[["110929.30000000","1.01102000"],["110929.31000000","0.00045000"],["110929.54000000","0.00036000"],["110930.40000000","0.00005000"],["110930.44000000","0.00005000"],["110930.66000000","0.00005000"],["110932.00000000","0.00310000"],["110933.00000000","0.00015000"],["110933.09000000","0.00010000"],["110933.10000000","0.15819000"],["110933.11000000","0.40583000"],["110933.12000000","0.00005000"],["110933.76000000","0.00005000"],["110933.99000000","0.00010000"],["110934.00000000","0.04365000"],["110934.10000000","0.00010000"],["110934.44000000","0.00008000"],["110935.72000000","0.00054000"],["110935.73000000","0.05234000"],["110935.86000000","0.00005000"]]},{"timestamp":1757148779231,"lastUpdateId":75891673951,"bids":[["110929.29000000","0.05260000"],["110929.28000000","0.00494000"],["110929.27000000","0.03032000"],["110928.64000000","0.00010000"],["110928.63000000","0.51584000"],["110928.01000000","0.71200000"],["110928.00000000","0.04340000"],["110927.85000000","0.00005000"],["110927.00000000","0.00830000"],["110926.99000000","1.16758000"],["110926.98000000","0.09035000"],["110926.97000000","0.00906000"],["110926.82000000","0.00471000"],["110926.29000000","0.00005000"],["110926.28000000","0.00095000"],["110926.02000000","0.00005000"],["110925.76000000","0.00044000"],["110925.57000000","2.26653000"],["110925.56000000","0.32451000"],["110925.53000000","0.10032000"]],"asks":[["110929.30000000","1.01102000"],["110929.31000000","0.00045000"],["110929.54000000","0.00036000"],["110930.40000000","0.00005000"],["110930.44000000","0.00005000"],["110930.66000000","0.00005000"],["110932.00000000","0.00310000"],["110933.00000000","0.00015000"],["110933.09000000","0.00010000"],["110933.10000000","0.15819000"],["110933.11000000","0.40583000"],["110933.12000000","0.00005000"],["110933.76000000","0.00005000"],["110933.99000000","0.00010000"],["110934.00000000","0.04365000"],["110934.10000000","0.00010000"],["110934.44000000","0.00008000"],["110935.72000000","0.00054000"],["110935.73000000","0.05234000"],["110935.86000000","0.00005000"]]},{"timestamp":1757148779231,"lastUpdateId":75891673951,"bids":[["110929.29000000","0.05260000"],["110929.28000000","0.00494000"],["110929.27000000","0.03032000"],["110928.64000000","0.00010000"],["110928.63000000","0.51584000"],["110928.01000000","0.71200000"],["110928.00000000","0.04340000"],["110927.85000000","0.00005000"],["110927.00000000","0.00830000"],["110926.99000000","1.16758000"],["110926.98000000","0.09035000"],["110926.97000000","0.00906000"],["110926.82000000","0.00471000"],["110926.29000000","0.00005000"],["110926.28000000","0.00095000"],["110926.02000000","0.00005000"],["110925.76000000","0.00044000"],["110925.57000000","2.26653000"],["110925.56000000","0.32451000"],["110925.53000000","0.10032000"]],"asks":[["110929.30000000","1.01102000"],["110929.31000000","0.00045000"],["110929.54000000","0.00036000"],["110930.40000000","0.00005000"],["110930.44000000","0.00005000"],["110930.66000000","0.00005000"],["110932.00000000","0.00310000"],["110933.00000000","0.00015000"],["110933.09000000","0.00010000"],["110933.10000000","0.15819000"],["110933.11000000","0.40583000"],["110933.12000000","0.00005000"],["110933.76000000","0.00005000"],["110933.99000000","0.00010000"],["110934.00000000","0.04365000"],["110934.10000000","0.00010000"],["110934.44000000","0.00008000"],["110935.72000000","0.00054000"],["110935.73000000","0.05234000"],["110935.86000000","0.00005000"]]},{"timestamp":1757148779231,"lastUpdateId":75891673951,"bids":[["110929.29000000","0.06161000"],["110929.28000000","0.00494000"],["110929.27000000","0.03032000"],["110928.64000000","0.00010000"],["110928.63000000","0.51584000"],["110928.01000000","0.71200000"],["110928.00000000","0.04340000"],["110927.85000000","0.00005000"],["110927.00000000","0.00830000"],["110926.99000000","1.16758000"],["110926.98000000","0.09035000"],["110926.97000000","0.00906000"],["110926.82000000","0.00471000"],["110926.29000000","0.00005000"],["110926.28000000","0.00095000"],["110926.02000000","0.00005000"],["110925.76000000","0.00044000"],["110925.57000000","2.26653000"],["110925.56000000","0.32451000"],["110925.53000000","0.10032000"]],"asks":[["110929.30000000","1.01102000"],["110929.31000000","0.00045000"],["110929.54000000","0.00036000"],["110930.40000000","0.00005000"],["110930.44000000","0.00005000"],["110930.66000000","0.00005000"],["110932.00000000","0.00310000"],["110933.00000000","0.00015000"],["110933.09000000","0.00010000"],["110933.10000000","0.15819000"],["110933.11000000","0.40583000"],["110933.12000000","0.00005000"],["110933.76000000","0.00005000"],["110933.99000000","0.00010000"],["110934.00000000","0.04365000"],["110934.10000000","0.00010000"],["110934.44000000","0.00008000"],["110935.72000000","0.00054000"],["110935.73000000","0.05234000"],["110935.86000000","0.00005000"]]},{"timestamp":1757148779231,"lastUpdateId":75891673951,"bids":[["110929.29000000","16.91417000"],["110929.28000000","0.00444000"],["110929.27000000","0.03057000"],["110928.64000000","0.00010000"],["110928.63000000","0.59617000"],["110928.01000000","0.00010000"],["110928.00000000","0.04360000"],["110927.85000000","0.00005000"],["110927.00000000","0.00830000"],["110926.99000000","0.00010000"],["110926.98000000","0.09035000"],["110926.97000000","0.00901000"],["110926.82000000","0.00471000"],["110926.29000000","0.00005000"],["110926.28000000","0.04020000"],["110926.02000000","0.00005000"],["110925.76000000","0.00044000"],["110925.57000000","0.00151000"],["110925.56000000","0.32456000"],["110925.53000000","0.10037000"]],"asks":[["110929.30000000","1.09427000"],["110929.31000000","0.00065000"],["110929.54000000","0.00036000"],["110930.40000000","0.00005000"],["110930.44000000","0.00005000"],["110930.66000000","0.00005000"],["110932.00000000","0.00310000"],["110933.00000000","0.00015000"],["110933.09000000","0.00010000"],["110933.10000000","0.15814000"],["110933.11000000","0.40578000"],["110933.12000000","0.00005000"],["110933.76000000","0.00005000"],["110933.99000000","0.00010000"],["110934.00000000","0.04355000"],["110934.10000000","0.00010000"],["110934.44000000","0.00008000"],["110935.72000000","0.00054000"],["110935.73000000","0.05229000"],["110935.86000000","0.00005000"]]},{"timestamp":1757148749232,"lastUpdateId":75891663391,"bids":[["110910.90000000","0.02091000"],["110910.89000000","0.01682000"],["110910.88000000","0.00091000"],["110910.61000000","0.00010000"],["110910.60000000","0.00018000"],["110910.40000000","0.00010000"],["110910.39000000","0.02716000"],["110910.01000000","1.05052000"],["110910.00000000","0.00009000"],["110909.99000000","0.00009000"],["110909.92000000","0.00005000"],["110909.80000000","0.00005000"],["110909.79000000","0.05024000"],["110909.17000000","0.03812000"],["110909.03000000","0.04005000"],["110908.41000000","0.32456000"],["110908.32000000","0.04536000"],["110908.00000000","0.00005000"],["110907.99000000","0.05743000"],["110907.77000000","0.00005000"]],"asks":[["110910.91000000","0.73509000"],["110910.92000000","0.04405000"],["110911.22000000","0.00005000"],["110911.24000000","0.00014000"],["110911.79000000","0.00005000"],["110911.88000000","0.00010000"],["110911.89000000","0.00027000"],["110911.97000000","0.00010000"],["110911.98000000","0.00010000"],["110911.99000000","0.04397000"],["110912.00000000","0.00310000"],["110912.46000000","0.00014000"],["110912.61000000","0.00005000"],["110912.62000000","0.00010000"],["110912.78000000","0.00487000"],["110913.16000000","0.00007000"],["110913.48000000","0.00005000"],["110913.52000000","0.00012000"],["110913.57000000","0.00007000"],["110913.60000000","0.00005000"]]},{"timestamp":1757148749232,"lastUpdateId":75891663391,"bids":[["110910.90000000","0.02283000"],["110910.89000000","0.01682000"],["110910.88000000","0.00091000"],["110910.61000000","0.00010000"],["110910.60000000","0.00018000"],["110910.40000000","0.00010000"],["110910.39000000","0.02716000"],["110910.01000000","1.05052000"],["110910.00000000","0.00009000"],["110909.99000000","0.00009000"],["110909.92000000","0.00005000"],["110909.80000000","0.00005000"],["110909.79000000","0.05024000"],["110909.17000000","0.03812000"],["110909.03000000","0.04005000"],["110908.41000000","0.32456000"],["110908.32000000","0.04536000"],["110908.00000000","0.00005000"],["110907.99000000","0.05743000"],["110907.77000000","0.00005000"]],"asks":[["110910.91000000","0.73509000"],["110910.92000000","0.04405000"],["110911.22000000","0.00005000"],["110911.24000000","0.00014000"],["110911.79000000","0.00005000"],["110911.88000000","0.00010000"],["110911.89000000","0.00027000"],["110911.97000000","0.00010000"],["110911.98000000","0.00010000"],["110911.99000000","0.04397000"],["110912.00000000","0.00310000"],["110912.46000000","0.00014000"],["110912.61000000","0.00005000"],["110912.62000000","0.00010000"],["110912.78000000","0.00487000"],["110913.16000000","0.00007000"],["110913.48000000","0.00005000"],["110913.52000000","0.00012000"],["110913.57000000","0.00007000"],["110913.60000000","0.00005000"]]},{"timestamp":1757148749232,"lastUpdateId":75891663391,"bids":[["110910.90000000","0.02283000"],["110910.89000000","0.01682000"],["110910.88000000","0.00091000"],["110910.61000000","0.00010000"],["110910.60000000","0.00018000"],["110910.40000000","0.00010000"],["110910.39000000","0.02716000"],["110910.01000000","1.05052000"],["110910.00000000","0.00009000"],["110909.99000000","0.00009000"],["110909.92000000","0.00005000"],["110909.80000000","0.00005000"],["110909.79000000","0.05024000"],["110909.17000000","0.03812000"],["110909.03000000","0.04005000"],["110908.41000000","0.32456000"],["110908.32000000","0.04536000"],["110908.00000000","0.00005000"],["110907.99000000","0.05743000"],["110907.77000000","0.00005000"]],"asks":[["110910.91000000","0.73509000"],["110910.92000000","0.04405000"],["110911.22000000","0.00005000"],["110911.24000000","0.00014000"],["110911.79000000","0.00005000"],["110911.88000000","0.00010000"],["110911.89000000","0.00027000"],["110911.97000000","0.00010000"],["110911.98000000","0.00010000"],["110911.99000000","0.04397000"],["110912.00000000","0.00310000"],["110912.46000000","0.00014000"],["110912.61000000","0.00005000"],["110912.62000000","0.00010000"],["110912.78000000","0.00487000"],["110913.16000000","0.00007000"],["110913.48000000","0.00005000"],["110913.52000000","0.00012000"],["110913.57000000","0.00007000"],["110913.60000000","0.00005000"]]},{"timestamp":1757148749232,"lastUpdateId":75891663391,"bids":[["110910.90000000","0.02283000"],["110910.89000000","0.01682000"],["110910.88000000","0.00091000"],["110910.61000000","0.00010000"],["110910.60000000","0.00018000"],["110910.40000000","0.00010000"],["110910.39000000","0.02716000"],["110910.01000000","1.05052000"],["110910.00000000","0.00009000"],["110909.99000000","0.00009000"],["110909.92000000","0.00005000"],["110909.80000000","0.00005000"],["110909.79000000","0.05024000"],["110909.17000000","0.03812000"],["110909.03000000","0.04005000"],["110908.41000000","0.32456000"],["110908.32000000","0.04536000"],["110908.00000000","0.00005000"],["110907.99000000","0.05743000"],["110907.77000000","0.00005000"]],"asks":[["110910.91000000","0.73509000"],["110910.92000000","0.04405000"],["110911.22000000","0.00005000"],["110911.24000000","0.00014000"],["110911.79000000","0.00005000"],["110911.88000000","0.00010000"],["110911.89000000","0.00027000"],["110911.97000000","0.00010000"],["110911.98000000","0.00010000"],["110911.99000000","0.04397000"],["110912.00000000","0.00310000"],["110912.46000000","0.00014000"],["110912.61000000","0.00005000"],["110912.62000000","0.00010000"],["110912.78000000","0.00487000"],["110913.16000000","0.00007000"],["110913.48000000","0.00005000"],["110913.52000000","0.00012000"],["110913.57000000","0.00007000"],["110913.60000000","0.00005000"]]},{"timestamp":1757148749232,"lastUpdateId":75891663391,"bids":[["110910.90000000","0.03056000"],["110910.89000000","0.01682000"],["110910.88000000","0.00086000"],["110910.61000000","0.00010000"],["110910.60000000","0.00018000"],["110910.40000000","0.00010000"],["110910.39000000","0.02716000"],["110910.01000000","1.05052000"],["110910.00000000","0.04349000"],["110909.99000000","0.00009000"],["110909.92000000","0.00005000"],["110909.80000000","0.00005000"],["110909.79000000","0.05024000"],["110909.17000000","0.03812000"],["110909.03000000","0.04005000"],["110908.41000000","0.32456000"],["110908.32000000","0.04536000"],["110908.00000000","0.04345000"],["110907.99000000","0.05743000"],["110907.77000000","0.00005000"]],"asks":[["110910.91000000","0.73509000"],["110910.92000000","0.04405000"],["110911.22000000","0.00005000"],["110911.24000000","0.00014000"],["110911.79000000","0.00005000"],["110911.88000000","0.00010000"],["110911.89000000","0.00027000"],["110911.97000000","0.00010000"],["110911.98000000","0.00010000"],["110911.99000000","0.04397000"],["110912.00000000","0.00310000"],["110912.46000000","0.00014000"],["110912.61000000","0.00005000"],["110912.62000000","0.00010000"],["110912.78000000","0.00487000"],["110913.16000000","0.00007000"],["110913.48000000","0.00005000"],["110913.52000000","0.00012000"],["110913.57000000","0.00007000"],["110913.60000000","0.00005000"]]},{"timestamp":1757148749232,"lastUpdateId":75891663391,"bids":[["110910.90000000","9.57901000"],["110910.89000000","0.05726000"],["110910.88000000","0.00096000"],["110910.61000000","0.00010000"],["110910.60000000","0.46592000"],["110910.40000000","0.00010000"],["110910.39000000","0.02716000"],["110910.01000000","0.60192000"],["110910.00000000","0.04369000"],["110909.99000000","0.00009000"],["110909.92000000","0.00911000"],["110909.80000000","0.00005000"],["110909.79000000","0.05034000"],["110909.17000000","0.03822000"],["110909.03000000","0.04005000"],["110908.41000000","0.32461000"],["110908.32000000","0.04536000"],["110908.00000000","0.04360000"],["110907.99000000","0.05738000"],["110907.77000000","0.00901000"]],"asks":[["110910.91000000","1.68713000"],["110910.92000000","0.04553000"],["110911.22000000","0.00005000"],["110911.24000000","0.00014000"],["110911.79000000","0.00005000"],["110911.88000000","0.00010000"],["110911.89000000","0.00844000"],["110911.97000000","0.00010000"],["110911.98000000","0.00010000"],["110911.99000000","0.00010000"],["110912.00000000","0.04655000"],["110912.46000000","0.00014000"],["110912.61000000","0.00005000"],["110912.62000000","0.00010000"],["110912.78000000","0.00487000"],["110913.16000000","0.00007000"],["110913.48000000","0.00005000"],["110913.52000000","0.00012000"],["110913.57000000","0.00007000"],["110913.60000000","0.00005000"]]},{"timestamp":1757148719232,"lastUpdateId":75891660060,"bids":[["110910.90000000","0.02091000"],["110910.89000000","0.01682000"],["110910.88000000","0.00091000"],["110910.61000000","0.00010000"],["110910.60000000","0.00018000"],["110910.40000000","0.00010000"],["110910.39000000","0.02716000"],["110910.01000000","1.05052000"],["110910.00000000","0.00009000"],["110909.99000000","0.00009000"],["110909.92000000","0.00005000"],["110909.80000000","0.00005000"],["110909.79000000","0.05024000"],["110909.17000000","0.03812000"],["110908.92000000","0.04005000"],["110908.41000000","0.32456000"],["110908.00000000","0.00005000"],["110907.99000000","0.05743000"],["110907.77000000","0.00005000"],["110907.25000000","0.10894000"]],"asks":[["110910.91000000","0.73509000"],["110910.92000000","0.04405000"],["110911.22000000","0.00005000"],["110911.24000000","0.00014000"],["110911.79000000","0.00005000"],["110911.88000000","0.00010000"],["110911.89000000","0.00027000"],["110911.97000000","0.00010000"],["110911.98000000","0.00010000"],["110911.99000000","0.04397000"],["110912.00000000","0.00310000"],["110912.39000000","0.00005000"],["110912.40000000","0.02716000"],["110912.46000000","0.00014000"],["110912.61000000","0.00005000"],["110912.62000000","0.00010000"],["110912.78000000","0.00487000"],["110913.16000000","0.00007000"],["110913.21000000","0.06359000"],["110913.48000000","0.00005000"]]},{"timestamp":1757148719232,"lastUpdateId":75891660060,"bids":[["110910.90000000","0.02283000"],["110910.89000000","0.01682000"],["110910.88000000","0.00091000"],["110910.61000000","0.00010000"],["110910.60000000","0.00018000"],["110910.40000000","0.00010000"],["110910.39000000","0.02716000"],["110910.01000000","1.05052000"],["110910.00000000","0.00009000"],["110909.99000000","0.00009000"],["110909.92000000","0.00005000"],["110909.80000000","0.00005000"],["110909.79000000","0.05024000"],["110909.17000000","0.03812000"],["110908.92000000","0.04005000"],["110908.41000000","0.32456000"],["110908.00000000","0.00005000"],["110907.99000000","0.05743000"],["110907.77000000","0.00005000"],["110907.25000000","0.10894000"]],"asks":[["110910.91000000","0.73509000"],["110910.92000000","0.04405000"],["110911.22000000","0.00005000"],["110911.24000000","0.00014000"],["110911.79000000","0.00005000"],["110911.88000000","0.00010000"],["110911.89000000","0.00027000"],["110911.97000000","0.00010000"],["110911.98000000","0.00010000"],["110911.99000000","0.04397000"],["110912.00000000","0.00310000"],["110912.39000000","0.00005000"],["110912.40000000","0.02716000"],["110912.46000000","0.00014000"],["110912.61000000","0.00005000"],["110912.62000000","0.00010000"],["110912.78000000","0.00487000"],["110913.16000000","0.00007000"],["110913.21000000","0.06359000"],["110913.48000000","0.00005000"]]},{"timestamp":1757148719232,"lastUpdateId":75891660060,"bids":[["110910.90000000","0.02283000"],["110910.89000000","0.01682000"],["110910.88000000","0.00091000"],["110910.61000000","0.00010000"],["110910.60000000","0.00018000"],["110910.40000000","0.00010000"],["110910.39000000","0.02716000"],["110910.01000000","1.05052000"],["110910.00000000","0.00009000"],["110909.99000000","0.00009000"],["110909.92000000","0.00005000"],["110909.80000000","0.00005000"],["110909.79000000","0.05024000"],["110909.17000000","0.03812000"],["110908.92000000","0.04005000"],["110908.41000000","0.32456000"],["110908.00000000","0.00005000"],["110907.99000000","0.05743000"],["110907.77000000","0.00005000"],["110907.25000000","0.10894000"]],"asks":[["110910.91000000","0.73509000"],["110910.92000000","0.04405000"],["110911.22000000","0.00005000"],["110911.24000000","0.00014000"],["110911.79000000","0.00005000"],["110911.88000000","0.00010000"],["110911.89000000","0.00027000"],["110911.97000000","0.00010000"],["110911.98000000","0.00010000"],["110911.99000000","0.04397000"],["110912.00000000","0.00310000"],["110912.39000000","0.00005000"],["110912.40000000","0.02716000"],["110912.46000000","0.00014000"],["110912.61000000","0.00005000"],["110912.62000000","0.00010000"],["110912.78000000","0.00487000"],["110913.16000000","0.00007000"],["110913.21000000","0.06359000"],["110913.48000000","0.00005000"]]},{"timestamp":1757148719232,"lastUpdateId":75891660060,"bids":[["110910.90000000","0.02283000"],["110910.89000000","0.01682000"],["110910.88000000","0.00091000"],["110910.61000000","0.00010000"],["110910.60000000","0.00018000"],["110910.40000000","0.00010000"],["110910.39000000","0.02716000"],["110910.01000000","1.05052000"],["110910.00000000","0.00009000"],["110909.99000000","0.00009000"],["110909.92000000","0.00005000"],["110909.80000000","0.00005000"],["110909.79000000","0.05024000"],["110909.17000000","0.03812000"],["110908.92000000","0.04005000"],["110908.41000000","0.32456000"],["110908.00000000","0.00005000"],["110907.99000000","0.05743000"],["110907.77000000","0.00005000"],["110907.25000000","0.10894000"]],"asks":[["110910.91000000","0.73509000"],["110910.92000000","0.04405000"],["110911.22000000","0.00005000"],["110911.24000000","0.00014000"],["110911.79000000","0.00005000"],["110911.88000000","0.00010000"],["110911.89000000","0.00027000"],["110911.97000000","0.00010000"],["110911.98000000","0.00010000"],["110911.99000000","0.04397000"],["110912.00000000","0.00310000"],["110912.39000000","0.00005000"],["110912.40000000","0.02716000"],["110912.46000000","0.00014000"],["110912.61000000","0.00005000"],["110912.62000000","0.00010000"],["110912.78000000","0.00487000"],["110913.16000000","0.00007000"],["110913.21000000","0.06359000"],["110913.48000000","0.00005000"]]},{"timestamp":1757148719232,"lastUpdateId":75891660060,"bids":[["110910.90000000","0.03056000"],["110910.89000000","0.01682000"],["110910.88000000","0.00086000"],["110910.61000000","0.00010000"],["110910.60000000","0.00018000"],["110910.40000000","0.00010000"],["110910.39000000","0.02716000"],["110910.01000000","1.05052000"],["110910.00000000","0.04349000"],["110909.99000000","0.00009000"],["110909.92000000","0.00005000"],["110909.80000000","0.00005000"],["110909.79000000","0.05024000"],["110909.17000000","0.03812000"],["110908.92000000","0.04005000"],["110908.41000000","0.32456000"],["110908.00000000","0.04345000"],["110907.99000000","0.05743000"],["110907.77000000","0.00005000"],["110907.25000000","0.10894000"]],"asks":[["110910.91000000","0.73509000"],["110910.92000000","0.04405000"],["110911.22000000","0.00005000"],["110911.24000000","0.00014000"],["110911.79000000","0.00005000"],["110911.88000000","0.00010000"],["110911.89000000","0.00027000"],["110911.97000000","0.00010000"],["110911.98000000","0.00010000"],["110911.99000000","0.04397000"],["110912.00000000","0.00310000"],["110912.39000000","0.00005000"],["110912.40000000","0.02716000"],["110912.46000000","0.00014000"],["110912.61000000","0.00005000"],["110912.62000000","0.00010000"],["110912.78000000","0.00487000"],["110913.16000000","0.00007000"],["110913.21000000","0.06359000"],["110913.48000000","0.00005000"]]},{"timestamp":1757148719232,"lastUpdateId":75891660060,"bids":[["110910.90000000","9.57901000"],["110910.89000000","0.05726000"],["110910.88000000","0.00096000"],["110910.61000000","0.00010000"],["110910.60000000","0.46592000"],["110910.40000000","0.00010000"],["110910.39000000","0.02716000"],["110910.01000000","0.60192000"],["110910.00000000","0.04369000"],["110909.99000000","0.00009000"],["110909.92000000","0.00911000"],["110909.80000000","0.00005000"],["110909.79000000","0.05034000"],["110909.17000000","0.03822000"],["110908.92000000","0.04005000"],["110908.41000000","0.32461000"],["110908.00000000","0.04360000"],["110907.99000000","0.05738000"],["110907.77000000","0.00901000"],["110907.25000000","0.72398000"]],"asks":[["110910.91000000","1.68713000"],["110910.92000000","0.04553000"],["110911.22000000","0.00005000"],["110911.24000000","0.00014000"],["110911.79000000","0.00005000"],["110911.88000000","0.00010000"],["110911.89000000","0.00844000"],["110911.97000000","0.00010000"],["110911.98000000","0.00010000"],["110911.99000000","0.00010000"],["110912.00000000","0.04655000"],["110912.39000000","0.00005000"],["110912.40000000","0.02716000"],["110912.46000000","0.00014000"],["110912.61000000","0.00005000"],["110912.62000000","0.00010000"],["110912.78000000","0.00487000"],["110913.16000000","0.00007000"],["110913.21000000","0.06359000"],["110913.48000000","0.00005000"]]},{"timestamp":1757148719232,"lastUpdateId":75891660060,"bids":[["110910.90000000","8.98268000"],["110910.89000000","0.02534000"],["110910.88000000","0.00096000"],["110910.61000000","0.00010000"],["110910.60000000","0.46592000"],["110910.40000000","0.00010000"],["110910.39000000","0.02716000"],["110910.01000000","0.00010000"],["110910.00000000","0.04369000"],["110909.99000000","0.00009000"],["110909.92000000","0.00911000"],["110909.80000000","0.00010000"],["110909.79000000","0.05034000"],["110909.17000000","0.03822000"],["110908.92000000","0.04005000"],["110908.41000000","0.32461000"],["110908.00000000","0.04360000"],["110907.99000000","0.05738000"],["110907.77000000","0.00901000"],["110907.25000000","0.72398000"]],"asks":[["110910.91000000","5.38041000"],["110910.92000000","0.04553000"],["110911.22000000","0.00005000"],["110911.24000000","0.00014000"],["110911.79000000","0.00005000"],["110911.88000000","0.00010000"],["110911.89000000","0.00844000"],["110911.97000000","0.00010000"],["110911.98000000","0.30404000"],["110911.99000000","0.00010000"],["110912.00000000","0.04660000"],["110912.39000000","0.00005000"],["110912.40000000","0.02716000"],["110912.46000000","0.00014000"],["110912.61000000","0.00005000"],["110912.62000000","0.05499000"],["110912.78000000","0.00487000"],["110913.16000000","0.00007000"],["110913.21000000","0.06359000"],["110913.48000000","0.00005000"]]},{"timestamp":1757148689231,"lastUpdateId":75891655524,"bids":[["110910.90000000","0.02091000"],["110910.89000000","0.01682000"],["110910.88000000","0.00091000"],["110910.61000000","0.00010000"],["110910.60000000","0.00018000"],["110910.01000000","1.05052000"],["110910.00000000","0.00009000"],["110909.99000000","0.00009000"],["110909.92000000","0.00005000"],["110909.80000000","0.00005000"],["110909.79000000","0.05024000"],["110909.18000000","0.00005000"],["110909.17000000","0.03812000"],["110908.45000000","0.02711000"],["110908.41000000","0.32456000"],["110908.00000000","0.00005000"],["110907.99000000","0.05743000"],["110907.77000000","0.00005000"],["110907.59000000","0.04000000"],["110907.25000000","0.10894000"]],"asks":[["110910.91000000","0.73509000"],["110910.92000000","0.04405000"],["110911.24000000","0.00014000"],["110911.79000000","0.00005000"],["110911.88000000","0.00010000"],["110911.89000000","0.00027000"],["110911.97000000","0.00010000"],["110911.98000000","0.00010000"],["110911.99000000","0.00010000"],["110912.00000000","0.00310000"],["110912.04000000","0.06360000"],["110912.46000000","0.00014000"],["110912.62000000","0.00010000"],["110912.78000000","0.00487000"],["110913.16000000","0.00007000"],["110913.48000000","0.00005000"],["110913.50000000","0.00005000"],["110913.51000000","0.29755000"],["110913.52000000","0.00012000"],["110913.57000000","0.00007000"]]},{"timestamp":1757148689231,"lastUpdateId":75891655524,"bids":[["110910.90000000","0.02283000"],["110910.89000000","0.01682000"],["110910.88000000","0.00091000"],["110910.61000000","0.00010000"],["110910.60000000","0.00018000"],["110910.01000000","1.05052000"],["110910.00000000","0.00009000"],["110909.99000000","0.00009000"],["110909.92000000","0.00005000"],["110909.80000000","0.00005000"],["110909.79000000","0.05024000"],["110909.18000000","0.00005000"],["110909.17000000","0.03812000"],["110908.45000000","0.02711000"],["110908.41000000","0.32456000"],["110908.00000000","0.00005000"],["110907.99000000","0.05743000"],["110907.77000000","0.00005000"],["110907.59000000","0.04000000"],["110907.25000000","0.10894000"]],"asks":[["110910.91000000","0.73509000"],["110910.92000000","0.04405000"],["110911.24000000","0.00014000"],["110911.79000000","0.00005000"],["110911.88000000","0.00010000"],["110911.89000000","0.00027000"],["110911.97000000","0.00010000"],["110911.98000000","0.00010000"],["110911.99000000","0.00010000"],["110912.00000000","0.00310000"],["110912.04000000","0.06360000"],["110912.46000000","0.00014000"],["110912.62000000","0.00010000"],["110912.78000000","0.00487000"],["110913.16000000","0.00007000"],["110913.48000000","0.00005000"],["110913.50000000","0.00005000"],["110913.51000000","0.29755000"],["110913.52000000","0.00012000"],["110913.57000000","0.00007000"]]},{"timestamp":1757148689231,"lastUpdateId":75891655524,"bids":[["110910.90000000","0.02283000"],["110910.89000000","0.01682000"],["110910.88000000","0.00091000"],["110910.61000000","0.00010000"],["110910.60000000","0.00018000"],["110910.01000000","1.05052000"],["110910.00000000","0.00009000"],["110909.99000000","0.00009000"],["110909.92000000","0.00005000"],["110909.80000000","0.00005000"],["110909.79000000","0.05024000"],["110909.18000000","0.00005000"],["110909.17000000","0.03812000"],["110908.45000000","0.02711000"],["110908.41000000","0.32456000"],["110908.00000000","0.00005000"],["110907.99000000","0.05743000"],["110907.77000000","0.00005000"],["110907.59000000","0.04000000"],["110907.25000000","0.10894000"]],"asks":[["110910.91000000","0.73509000"],["110910.92000000","0.04405000"],["110911.24000000","0.00014000"],["110911.79000000","0.00005000"],["110911.88000000","0.00010000"],["110911.89000000","0.00027000"],["110911.97000000","0.00010000"],["110911.98000000","0.00010000"],["110911.99000000","0.00010000"],["110912.00000000","0.00310000"],["110912.04000000","0.06360000"],["110912.46000000","0.00014000"],["110912.62000000","0.00010000"],["110912.78000000","0.00487000"],["110913.16000000","0.00007000"],["110913.48000000","0.00005000"],["110913.50000000","0.00005000"],["110913.51000000","0.29755000"],["110913.52000000","0.00012000"],["110913.57000000","0.00007000"]]},{"timestamp":1757148689231,"lastUpdateId":75891655524,"bids":[["110910.90000000","0.02283000"],["110910.89000000","0.01682000"],["110910.88000000","0.00091000"],["110910.61000000","0.00010000"],["110910.60000000","0.00018000"],["110910.01000000","1.05052000"],["110910.00000000","0.00009000"],["110909.99000000","0.00009000"],["110909.92000000","0.00005000"],["110909.80000000","0.00005000"],["110909.79000000","0.05024000"],["110909.18000000","0.00005000"],["110909.17000000","0.03812000"],["110908.45000000","0.02711000"],["110908.41000000","0.32456000"],["110908.00000000","0.00005000"],["110907.99000000","0.05743000"],["110907.77000000","0.00005000"],["110907.59000000","0.04000000"],["110907.25000000","0.10894000"]],"asks":[["110910.91000000","0.73509000"],["110910.92000000","0.04405000"],["110911.24000000","0.00014000"],["110911.79000000","0.00005000"],["110911.88000000","0.00010000"],["110911.89000000","0.00027000"],["110911.97000000","0.00010000"],["110911.98000000","0.00010000"],["110911.99000000","0.00010000"],["110912.00000000","0.00310000"],["110912.04000000","0.06360000"],["110912.46000000","0.00014000"],["110912.62000000","0.00010000"],["110912.78000000","0.00487000"],["110913.16000000","0.00007000"],["110913.48000000","0.00005000"],["110913.50000000","0.00005000"],["110913.51000000","0.29755000"],["110913.52000000","0.00012000"],["110913.57000000","0.00007000"]]},{"timestamp":1757148689231,"lastUpdateId":75891655524,"bids":[["110910.90000000","0.03056000"],["110910.89000000","0.01682000"],["110910.88000000","0.00086000"],["110910.61000000","0.00010000"],["110910.60000000","0.00018000"],["110910.01000000","1.05052000"],["110910.00000000","0.04349000"],["110909.99000000","0.00009000"],["110909.92000000","0.00005000"],["110909.80000000","0.00005000"],["110909.79000000","0.05024000"],["110909.18000000","0.00005000"],["110909.17000000","0.03812000"],["110908.45000000","0.02711000"],["110908.41000000","0.32456000"],["110908.00000000","0.04345000"],["110907.99000000","0.05743000"],["110907.77000000","0.00005000"],["110907.59000000","0.04000000"],["110907.25000000","0.10894000"]],"asks":[["110910.91000000","0.73509000"],["110910.92000000","0.04405000"],["110911.24000000","0.00014000"],["110911.79000000","0.00005000"],["110911.88000000","0.00010000"],["110911.89000000","0.00027000"],["110911.97000000","0.00010000"],["110911.98000000","0.00010000"],["110911.99000000","0.00010000"],["110912.00000000","0.00310000"],["110912.04000000","0.06360000"],["110912.46000000","0.00014000"],["110912.62000000","0.00010000"],["110912.78000000","0.00487000"],["110913.16000000","0.00007000"],["110913.48000000","0.00005000"],["110913.50000000","0.00005000"],["110913.51000000","0.29755000"],["110913.52000000","0.00012000"],["110913.57000000","0.00007000"]]},{"timestamp":1757148689231,"lastUpdateId":75891655524,"bids":[["110910.90000000","9.57901000"],["110910.89000000","0.05726000"],["110910.88000000","0.00096000"],["110910.61000000","0.00010000"],["110910.60000000","0.46592000"],["110910.01000000","0.60192000"],["110910.00000000","0.04369000"],["110909.99000000","0.00009000"],["110909.92000000","0.00911000"],["110909.80000000","0.00005000"],["110909.79000000","0.05034000"],["110909.18000000","0.00005000"],["110909.17000000","0.03822000"],["110908.45000000","0.02711000"],["110908.41000000","0.32461000"],["110908.00000000","0.04360000"],["110907.99000000","0.05738000"],["110907.77000000","0.00901000"],["110907.59000000","0.04000000"],["110907.25000000","0.72398000"]],"asks":[["110910.91000000","1.68713000"],["110910.92000000","0.04553000"],["110911.24000000","0.00014000"],["110911.79000000","0.00005000"],["110911.88000000","0.00010000"],["110911.89000000","0.00844000"],["110911.97000000","0.00010000"],["110911.98000000","0.00010000"],["110911.99000000","0.00010000"],["110912.00000000","0.04655000"],["110912.04000000","0.06360000"],["110912.46000000","0.00014000"],["110912.62000000","0.00010000"],["110912.78000000","0.00487000"],["110913.16000000","0.00007000"],["110913.48000000","0.00005000"],["110913.50000000","0.00005000"],["110913.51000000","0.29755000"],["110913.52000000","0.00012000"],["110913.57000000","0.00007000"]]},{"timestamp":1757148689231,"lastUpdateId":75891655524,"bids":[["110910.90000000","8.98268000"],["110910.89000000","0.02534000"],["110910.88000000","0.00096000"],["110910.61000000","0.00010000"],["110910.60000000","0.46592000"],["110910.01000000","0.00010000"],["110910.00000000","0.04369000"],["110909.99000000","0.00009000"],["110909.92000000","0.00911000"],["110909.80000000","0.00010000"],["110909.79000000","0.05034000"],["110909.18000000","0.00005000"],["110909.17000000","0.03822000"],["110908.45000000","0.02711000"],["110908.41000000","0.32461000"],["110908.00000000","0.04360000"],["110907.99000000","0.05738000"],["110907.77000000","0.00901000"],["110907.59000000","0.04000000"],["110907.25000000","0.72398000"]],"asks":[["110910.91000000","5.38041000"],["110910.92000000","0.04553000"],["110911.24000000","0.00014000"],["110911.79000000","0.00005000"],["110911.88000000","0.00010000"],["110911.89000000","0.00844000"],["110911.97000000","0.00010000"],["110911.98000000","0.30404000"],["110911.99000000","0.00010000"],["110912.00000000","0.04660000"],["110912.04000000","0.06360000"],["110912.46000000","0.00014000"],["110912.62000000","0.05499000"],["110912.78000000","0.00487000"],["110913.16000000","0.00007000"],["110913.48000000","0.00005000"],["110913.50000000","0.00005000"],["110913.51000000","0.29755000"],["110913.52000000","0.00012000"],["110913.57000000","0.00007000"]]},{"timestamp":1757148689231,"lastUpdateId":75891655524,"bids":[["110910.90000000","8.23642000"],["110910.89000000","0.02524000"],["110910.88000000","0.00010000"],["110910.61000000","0.00010000"],["110910.60000000","0.46574000"],["110910.01000000","0.00010000"],["110910.00000000","0.04369000"],["110909.99000000","0.00009000"],["110909.92000000","0.00911000"],["110909.80000000","0.00010000"],["110909.79000000","0.05039000"],["110909.18000000","0.00005000"],["110909.17000000","0.03822000"],["110908.45000000","0.02711000"],["110908.41000000","0.32461000"],["110908.00000000","0.04365000"],["110907.99000000","0.05738000"],["110907.77000000","0.00906000"],["110907.59000000","0.04000000"],["110907.25000000","0.72398000"]],"asks":[["110910.91000000","5.90226000"],["110910.92000000","0.04528000"],["110911.24000000","0.00014000"],["110911.79000000","0.00005000"],["110911.88000000","0.00010000"],["110911.89000000","0.00844000"],["110911.97000000","0.00010000"],["110911.98000000","0.46383000"],["110911.99000000","1.00804000"],["110912.00000000","0.04660000"],["110912.04000000","0.06360000"],["110912.46000000","0.00014000"],["110912.62000000","0.05499000"],["110912.78000000","0.00482000"],["110913.16000000","0.00007000"],["110913.48000000","0.00005000"],["110913.50000000","0.00005000"],["110913.51000000","0.29755000"],["110913.52000000","0.00012000"],["110913.57000000","0.00007000"]]},{"timestamp":1757148659231,"lastUpdateId":75891652164,"bids":[["110910.90000000","0.02091000"],["110910.89000000","0.01682000"],["110910.88000000","0.00091000"],["110910.78000000","0.00010000"],["110910.77000000","0.00821000"],["110910.76000000","0.06365000"],["110910.61000000","0.00010000"],["110910.60000000","0.00018000"],["110910.01000000","1.05052000"],["110910.00000000","0.00009000"],["110909.99000000","0.00009000"],["110909.94000000","0.04991000"],["110909.92000000","0.00005000"],["110909.79000000","0.05024000"],["110909.17000000","0.03812000"],["110908.41000000","0.32456000"],["110908.00000000","0.00005000"],["110907.99000000","0.05743000"],["110907.77000000","0.00005000"],["110907.59000000","0.04000000"]],"asks":[["110910.91000000","0.73509000"],["110910.92000000","0.04405000"],["110911.24000000","0.00014000"],["110911.79000000","0.00005000"],["110911.88000000","0.00010000"],["110911.89000000","0.00027000"],["110911.97000000","0.00010000"],["110911.98000000","0.00010000"],["110911.99000000","0.00010000"],["110912.00000000","0.00310000"],["110912.46000000","0.00014000"],["110912.62000000","0.00010000"],["110912.64000000","0.00005000"],["110912.78000000","0.00487000"],["110913.16000000","0.00007000"],["110913.48000000","0.00005000"],["110913.52000000","0.00012000"],["110913.57000000","0.00007000"],["110913.60000000","0.00005000"],["110913.84000000","0.00005000"]]},{"timestamp":1757148659231,"lastUpdateId":75891652164,"bids":[["110910.90000000","0.02283000"],["110910.89000000","0.01682000"],["110910.88000000","0.00091000"],["110910.78000000","0.00010000"],["110910.77000000","0.00821000"],["110910.76000000","0.06365000"],["110910.61000000","0.00010000"],["110910.60000000","0.00018000"],["110910.01000000","1.05052000"],["110910.00000000","0.00009000"],["110909.99000000","0.00009000"],["110909.94000000","0.04991000"],["110909.92000000","0.00005000"],["110909.79000000","0.05024000"],["110909.17000000","0.03812000"],["110908.41000000","0.32456000"],["110908.00000000","0.00005000"],["110907.99000000","0.05743000"],["110907.77000000","0.00005000"],["110907.59000000","0.04000000"]],"asks":[["110910.91000000","0.73509000"],["110910.92000000","0.04405000"],["110911.24000000","0.00014000"],["110911.79000000","0.00005000"],["110911.88000000","0.00010000"],["110911.89000000","0.00027000"],["110911.97000000","0.00010000"],["110911.98000000","0.00010000"],["110911.99000000","0.00010000"],["110912.00000000","0.00310000"],["110912.46000000","0.00014000"],["110912.62000000","0.00010000"],["110912.64000000","0.00005000"],["110912.78000000","0.00487000"],["110913.16000000","0.00007000"],["110913.48000000","0.00005000"],["110913.52000000","0.00012000"],["110913.57000000","0.00007000"],["110913.60000000","0.00005000"],["110913.84000000","0.00005000"]]},{"timestamp":1757148659231,"lastUpdateId":75891652164,"bids":[["110910.90000000","0.02283000"],["110910.89000000","0.01682000"],["110910.88000000","0.00091000"],["110910.78000000","0.00010000"],["110910.77000000","0.00821000"],["110910.76000000","0.06365000"],["110910.61000000","0.00010000"],["110910.60000000","0.00018000"],["110910.01000000","1.05052000"],["110910.00000000","0.00009000"],["110909.99000000","0.00009000"],["110909.94000000","0.04991000"],["110909.92000000","0.00005000"],["110909.79000000","0.05024000"],["110909.17000000","0.03812000"],["110908.41000000","0.32456000"],["110908.00000000","0.00005000"],["110907.99000000","0.05743000"],["110907.77000000","0.00005000"],["110907.59000000","0.04000000"]],"asks":[["110910.91000000","0.73509000"],["110910.92000000","0.04405000"],["110911.24000000","0.00014000"],["110911.79000000","0.00005000"],["110911.88000000","0.00010000"],["110911.89000000","0.00027000"],["110911.97000000","0.00010000"],["110911.98000000","0.00010000"],["110911.99000000","0.00010000"],["110912.00000000","0.00310000"],["110912.46000000","0.00014000"],["110912.62000000","0.00010000"],["110912.64000000","0.00005000"],["110912.78000000","0.00487000"],["110913.16000000","0.00007000"],["110913.48000000","0.00005000"],["110913.52000000","0.00012000"],["110913.57000000","0.00007000"],["110913.60000000","0.00005000"],["110913.84000000","0.00005000"]]},{"timestamp":1757148659231,"lastUpdateId":75891652164,"bids":[["110910.90000000","0.02283000"],["110910.89000000","0.01682000"],["110910.88000000","0.00091000"],["110910.78000000","0.00010000"],["110910.77000000","0.00821000"],["110910.76000000","0.06365000"],["110910.61000000","0.00010000"],["110910.60000000","0.00018000"],["110910.01000000","1.05052000"],["110910.00000000","0.00009000"],["110909.99000000","0.00009000"],["110909.94000000","0.04991000"],["110909.92000000","0.00005000"],["110909.79000000","0.05024000"],["110909.17000000","0.03812000"],["110908.41000000","0.32456000"],["110908.00000000","0.00005000"],["110907.99000000","0.05743000"],["110907.77000000","0.00005000"],["110907.59000000","0.04000000"]],"asks":[["110910.91000000","0.73509000"],["110910.92000000","0.04405000"],["110911.24000000","0.00014000"],["110911.79000000","0.00005000"],["110911.88000000","0.00010000"],["110911.89000000","0.00027000"],["110911.97000000","0.00010000"],["110911.98000000","0.00010000"],["110911.99000000","0.00010000"],["110912.00000000","0.00310000"],["110912.46000000","0.00014000"],["110912.62000000","0.00010000"],["110912.64000000","0.00005000"],["110912.78000000","0.00487000"],["110913.16000000","0.00007000"],["110913.48000000","0.00005000"],["110913.52000000","0.00012000"],["110913.57000000","0.00007000"],["110913.60000000","0.00005000"],["110913.84000000","0.00005000"]]},{"timestamp":1757148659231,"lastUpdateId":75891652164,"bids":[["110910.90000000","0.03056000"],["110910.89000000","0.01682000"],["110910.88000000","0.00086000"],["110910.78000000","0.00010000"],["110910.77000000","0.00821000"],["110910.76000000","0.06365000"],["110910.61000000","0.00010000"],["110910.60000000","0.00018000"],["110910.01000000","1.05052000"],["110910.00000000","0.04349000"],["110909.99000000","0.00009000"],["110909.94000000","0.04991000"],["110909.92000000","0.00005000"],["110909.79000000","0.05024000"],["110909.17000000","0.03812000"],["110908.41000000","0.32456000"],["110908.00000000","0.04345000"],["110907.99000000","0.05743000"],["110907.77000000","0.00005000"],["110907.59000000","0.04000000"]],"asks":[["110910.91000000","0.73509000"],["110910.92000000","0.04405000"],["110911.24000000","0.00014000"],["110911.79000000","0.00005000"],["110911.88000000","0.00010000"],["110911.89000000","0.00027000"],["110911.97000000","0.00010000"],["110911.98000000","0.00010000"],["110911.99000000","0.00010000"],["110912.00000000","0.00310000"],["110912.46000000","0.00014000"],["110912.62000000","0.00010000"],["110912.64000000","0.00005000"],["110912.78000000","0.00487000"],["110913.16000000","0.00007000"],["110913.48000000","0.00005000"],["110913.52000000","0.00012000"],["110913.57000000","0.00007000"],["110913.60000000","0.00005000"],["110913.84000000","0.00005000"]]},{"timestamp":1757148659231,"lastUpdateId":75891652164,"bids":[["110910.90000000","9.57901000"],["110910.89000000","0.05726000"],["110910.88000000","0.00096000"],["110910.78000000","0.00010000"],["110910.77000000","0.00821000"],["110910.76000000","0.06365000"],["110910.61000000","0.00010000"],["110910.60000000","0.46592000"],["110910.01000000","0.60192000"],["110910.00000000","0.04369000"],["110909.99000000","0.00009000"],["110909.94000000","0.04991000"],["110909.92000000","0.00911000"],["110909.79000000","0.05034000"],["110909.17000000","0.03822000"],["110908.41000000","0.32461000"],["110908.00000000","0.04360000"],["110907.99000000","0.05738000"],["110907.77000000","0.00901000"],["110907.59000000","0.04000000"]],"asks":[["110910.91000000","1.68713000"],["110910.92000000","0.04553000"],["110911.24000000","0.00014000"],["110911.79000000","0.00005000"],["110911.88000000","0.00010000"],["110911.89000000","0.00844000"],["110911.97000000","0.00010000"],["110911.98000000","0.00010000"],["110911.99000000","0.00010000"],["110912.00000000","0.04655000"],["110912.46000000","0.00014000"],["110912.62000000","0.00010000"],["110912.64000000","0.00005000"],["110912.78000000","0.00487000"],["110913.16000000","0.00007000"],["110913.48000000","0.00005000"],["110913.52000000","0.00012000"],["110913.57000000","0.00007000"],["110913.60000000","0.00005000"],["110913.84000000","0.00005000"]]},{"timestamp":1757148659231,"lastUpdateId":75891652164,"bids":[["110910.90000000","8.98268000"],["110910.89000000","0.02534000"],["110910.88000000","0.00096000"],["110910.78000000","0.00010000"],["110910.77000000","0.00821000"],["110910.76000000","0.06365000"],["110910.61000000","0.00010000"],["110910.60000000","0.46592000"],["110910.01000000","0.00010000"],["110910.00000000","0.04369000"],["110909.99000000","0.00009000"],["110909.94000000","0.04991000"],["110909.92000000","0.00911000"],["110909.79000000","0.05034000"],["110909.17000000","0.03822000"],["110908.41000000","0.32461000"],["110908.00000000","0.04360000"],["110907.99000000","0.05738000"],["110907.77000000","0.00901000"],["110907.59000000","0.04000000"]],"asks":[["110910.91000000","5.38041000"],["110910.92000000","0.04553000"],["110911.24000000","0.00014000"],["110911.79000000","0.00005000"],["110911.88000000","0.00010000"],["110911.89000000","0.00844000"],["110911.97000000","0.00010000"],["110911.98000000","0.30404000"],["110911.99000000","0.00010000"],["110912.00000000","0.04660000"],["110912.46000000","0.00014000"],["110912.62000000","0.05499000"],["110912.64000000","0.00005000"],["110912.78000000","0.00487000"],["110913.16000000","0.00007000"],["110913.48000000","0.00005000"],["110913.52000000","0.00012000"],["110913.57000000","0.00007000"],["110913.60000000","0.00005000"],["110913.84000000","0.00005000"]]},{"timestamp":1757148659231,"lastUpdateId":75891652164,"bids":[["110910.90000000","8.23642000"],["110910.89000000","0.02524000"],["110910.88000000","0.00010000"],["110910.78000000","0.00010000"],["110910.77000000","0.00821000"],["110910.76000000","0.06365000"],["110910.61000000","0.00010000"],["110910.60000000","0.46574000"],["110910.01000000","0.00010000"],["110910.00000000","0.04369000"],["110909.99000000","0.00009000"],["110909.94000000","0.04991000"],["110909.92000000","0.00911000"],["110909.79000000","0.05039000"],["110909.17000000","0.03822000"],["110908.41000000","0.32461000"],["110908.00000000","0.04365000"],["110907.99000000","0.05738000"],["110907.77000000","0.00906000"],["110907.59000000","0.04000000"]],"asks":[["110910.91000000","5.90226000"],["110910.92000000","0.04528000"],["110911.24000000","0.00014000"],["110911.79000000","0.00005000"],["110911.88000000","0.00010000"],["110911.89000000","0.00844000"],["110911.97000000","0.00010000"],["110911.98000000","0.46383000"],["110911.99000000","1.00804000"],["110912.00000000","0.04660000"],["110912.46000000","0.00014000"],["110912.62000000","0.05499000"],["110912.64000000","0.00005000"],["110912.78000000","0.00482000"],["110913.16000000","0.00007000"],["110913.48000000","0.00005000"],["110913.52000000","0.00012000"],["110913.57000000","0.00007000"],["110913.60000000","0.00005000"],["110913.84000000","0.00005000"]]},{"timestamp":1757148659231,"lastUpdateId":75891652164,"bids":[["110910.90000000","8.36592000"],["110910.89000000","0.01733000"],["110910.88000000","0.00010000"],["110910.78000000","0.00010000"],["110910.77000000","0.00831000"],["110910.76000000","0.06365000"],["110910.61000000","0.00010000"],["110910.60000000","0.46564000"],["110910.01000000","0.00005000"],["110910.00000000","0.04374000"],["110909.99000000","0.00009000"],["110909.94000000","0.04991000"],["110909.92000000","0.00911000"],["110909.79000000","0.05034000"],["110909.17000000","0.03817000"],["110908.41000000","0.32456000"],["110908.00000000","0.04360000"],["110907.99000000","0.05738000"],["110907.77000000","0.00906000"],["110907.59000000","0.04005000"]],"asks":[["110910.91000000","6.28206000"],["110910.92000000","0.04533000"],["110911.24000000","0.00014000"],["110911.79000000","0.00005000"],["110911.88000000","0.00010000"],["110911.89000000","0.00844000"],["110911.97000000","0.00010000"],["110911.98000000","0.46383000"],["110911.99000000","1.00804000"],["110912.00000000","0.04655000"],["110912.46000000","0.00014000"],["110912.62000000","0.05504000"],["110912.64000000","0.06360000"],["110912.78000000","0.00482000"],["110913.16000000","0.00007000"],["110913.48000000","0.00005000"],["110913.52000000","0.00012000"],["110913.57000000","0.00007000"],["110913.60000000","0.00005000"],["110913.84000000","0.00005000"]]},{"timestamp":1757148629232,"lastUpdateId":75891648434,"bids":[["110910.90000000","0.02091000"],["110910.89000000","0.01682000"],["110910.88000000","0.00091000"],["110910.77000000","0.00821000"],["110910.76000000","0.06365000"],["110910.61000000","0.00010000"],["110910.60000000","0.00018000"],["110910.01000000","1.05052000"],["110910.00000000","0.00009000"],["110909.99000000","0.00009000"],["110909.93000000","0.00005000"],["110909.92000000","0.00005000"],["110908.42000000","0.00005000"],["110908.41000000","0.32456000"],["110908.31000000","0.00005000"],["110908.00000000","0.00005000"],["110907.99000000","0.05743000"],["110907.77000000","0.00005000"],["110907.25000000","0.10894000"],["110907.17000000","0.00005000"]],"asks":[["110910.91000000","0.73509000"],["110910.92000000","0.04405000"],["110911.15000000","0.00010000"],["110911.16000000","0.04474000"],["110911.24000000","0.00014000"],["110911.79000000","0.00005000"],["110911.88000000","0.00010000"],["110911.89000000","0.00027000"],["110911.97000000","0.00010000"],["110911.98000000","0.00010000"],["110911.99000000","0.00010000"],["110912.00000000","0.00310000"],["110912.39000000","0.29755000"],["110912.46000000","0.00014000"],["110912.78000000","0.00487000"],["110912.83000000","0.00005000"],["110912.91000000","0.06360000"],["110912.93000000","0.04868000"],["110913.16000000","0.00007000"],["110913.48000000","0.00005000"]]},{"timestamp":1757148629232,"lastUpdateId":75891648434,"bids":[["110910.90000000","0.02283000"],["110910.89000000","0.01682000"],["110910.88000000","0.00091000"],["110910.77000000","0.00821000"],["110910.76000000","0.06365000"],["110910.61000000","0.00010000"],["110910.60000000","0.00018000"],["110910.01000000","1.05052000"],["110910.00000000","0.00009000"],["110909.99000000","0.00009000"],["110909.93000000","0.00005000"],["110909.92000000","0.00005000"],["110908.42000000","0.00005000"],["110908.41000000","0.32456000"],["110908.31000000","0.00005000"],["110908.00000000","0.00005000"],["110907.99000000","0.05743000"],["110907.77000000","0.00005000"],["110907.25000000","0.10894000"],["110907.17000000","0.00005000"]],"asks":[["110910.91000000","0.73509000"],["110910.92000000","0.04405000"],["110911.15000000","0.00010000"],["110911.16000000","0.04474000"],["110911.24000000","0.00014000"],["110911.79000000","0.00005000"],["110911.88000000","0.00010000"],["110911.89000000","0.00027000"],["110911.97000000","0.00010000"],["110911.98000000","0.00010000"],["110911.99000000","0.00010000"],["110912.00000000","0.00310000"],["110912.39000000","0.29755000"],["110912.46000000","0.00014000"],["110912.78000000","0.00487000"],["110912.83000000","0.00005000"],["110912.91000000","0.06360000"],["110912.93000000","0.04868000"],["110913.16000000","0.00007000"],["110913.48000000","0.00005000"]]},{"timestamp":1757148629232,"lastUpdateId":75891648434,"bids":[["110910.90000000","0.02283000"],["110910.89000000","0.01682000"],["110910.88000000","0.00091000"],["110910.77000000","0.00821000"],["110910.76000000","0.06365000"],["110910.61000000","0.00010000"],["110910.60000000","0.00018000"],["110910.01000000","1.05052000"],["110910.00000000","0.00009000"],["110909.99000000","0.00009000"],["110909.93000000","0.00005000"],["110909.92000000","0.00005000"],["110908.42000000","0.00005000"],["110908.41000000","0.32456000"],["110908.31000000","0.00005000"],["110908.00000000","0.00005000"],["110907.99000000","0.05743000"],["110907.77000000","0.00005000"],["110907.25000000","0.10894000"],["110907.17000000","0.00005000"]],"asks":[["110910.91000000","0.73509000"],["110910.92000000","0.04405000"],["110911.15000000","0.00010000"],["110911.16000000","0.04474000"],["110911.24000000","0.00014000"],["110911.79000000","0.00005000"],["110911.88000000","0.00010000"],["110911.89000000","0.00027000"],["110911.97000000","0.00010000"],["110911.98000000","0.00010000"],["110911.99000000","0.00010000"],["110912.00000000","0.00310000"],["110912.39000000","0.29755000"],["110912.46000000","0.00014000"],["110912.78000000","0.00487000"],["110912.83000000","0.00005000"],["110912.91000000","0.06360000"],["110912.93000000","0.04868000"],["110913.16000000","0.00007000"],["110913.48000000","0.00005000"]]},{"timestamp":1757148629232,"lastUpdateId":75891648434,"bids":[["110910.90000000","0.02283000"],["110910.89000000","0.01682000"],["110910.88000000","0.00091000"],["110910.77000000","0.00821000"],["110910.76000000","0.06365000"],["110910.61000000","0.00010000"],["110910.60000000","0.00018000"],["110910.01000000","1.05052000"],["110910.00000000","0.00009000"],["110909.99000000","0.00009000"],["110909.93000000","0.00005000"],["110909.92000000","0.00005000"],["110908.42000000","0.00005000"],["110908.41000000","0.32456000"],["110908.31000000","0.00005000"],["110908.00000000","0.00005000"],["110907.99000000","0.05743000"],["110907.77000000","0.00005000"],["110907.25000000","0.10894000"],["110907.17000000","0.00005000"]],"asks":[["110910.91000000","0.73509000"],["110910.92000000","0.04405000"],["110911.15000000","0.00010000"],["110911.16000000","0.04474000"],["110911.24000000","0.00014000"],["110911.79000000","0.00005000"],["110911.88000000","0.00010000"],["110911.89000000","0.00027000"],["110911.97000000","0.00010000"],["110911.98000000","0.00010000"],["110911.99000000","0.00010000"],["110912.00000000","0.00310000"],["110912.39000000","0.29755000"],["110912.46000000","0.00014000"],["110912.78000000","0.00487000"],["110912.83000000","0.00005000"],["110912.91000000","0.06360000"],["110912.93000000","0.04868000"],["110913.16000000","0.00007000"],["110913.48000000","0.00005000"]]},{"timestamp":1757148629232,"lastUpdateId":75891648434,"bids":[["110910.90000000","0.03056000"],["110910.89000000","0.01682000"],["110910.88000000","0.00086000"],["110910.77000000","0.00821000"],["110910.76000000","0.06365000"],["110910.61000000","0.00010000"],["110910.60000000","0.00018000"],["110910.01000000","1.05052000"],["110910.00000000","0.04349000"],["110909.99000000","0.00009000"],["110909.93000000","0.00005000"],["110909.92000000","0.00005000"],["110908.42000000","0.00005000"],["110908.41000000","0.32456000"],["110908.31000000","0.00005000"],["110908.00000000","0.04345000"],["110907.99000000","0.05743000"],["110907.77000000","0.00005000"],["110907.25000000","0.10894000"],["110907.17000000","0.00005000"]],"asks":[["110910.91000000","0.73509000"],["110910.92000000","0.04405000"],["110911.15000000","0.00010000"],["110911.16000000","0.04474000"],["110911.24000000","0.00014000"],["110911.79000000","0.00005000"],["110911.88000000","0.00010000"],["110911.89000000","0.00027000"],["110911.97000000","0.00010000"],["110911.98000000","0.00010000"],["110911.99000000","0.00010000"],["110912.00000000","0.00310000"],["110912.39000000","0.29755000"],["110912.46000000","0.00014000"],["110912.78000000","0.00487000"],["110912.83000000","0.00005000"],["110912.91000000","0.06360000"],["110912.93000000","0.04868000"],["110913.16000000","0.00007000"],["110913.48000000","0.00005000"]]},{"timestamp":1757148629232,"lastUpdateId":75891648434,"bids":[["110910.90000000","9.57901000"],["110910.89000000","0.05726000"],["110910.88000000","0.00096000"],["110910.77000000","0.00821000"],["110910.76000000","0.06365000"],["110910.61000000","0.00010000"],["110910.60000000","0.46592000"],["110910.01000000","0.60192000"],["110910.00000000","0.04369000"],["110909.99000000","0.00009000"],["110909.93000000","0.00005000"],["110909.92000000","0.00911000"],["110908.42000000","0.00005000"],["110908.41000000","0.32461000"],["110908.31000000","0.00005000"],["110908.00000000","0.04360000"],["110907.99000000","0.05738000"],["110907.77000000","0.00901000"],["110907.25000000","0.72398000"],["110907.17000000","0.00005000"]],"asks":[["110910.91000000","1.68713000"],["110910.92000000","0.04553000"],["110911.15000000","0.00010000"],["110911.16000000","0.04474000"],["110911.24000000","0.00014000"],["110911.79000000","0.00005000"],["110911.88000000","0.00010000"],["110911.89000000","0.00844000"],["110911.97000000","0.00010000"],["110911.98000000","0.00010000"],["110911.99000000","0.00010000"],["110912.00000000","0.04655000"],["110912.39000000","0.29755000"],["110912.46000000","0.00014000"],["110912.78000000","0.00487000"],["110912.83000000","0.00005000"],["110912.91000000","0.06360000"],["110912.93000000","0.04868000"],["110913.16000000","0.00007000"],["110913.48000000","0.00005000"]]},{"timestamp":1757148629232,"lastUpdateId":75891648434,"bids":[["110910.90000000","8.98268000"],["110910.89000000","0.02534000"],["110910.88000000","0.00096000"],["110910.77000000","0.00821000"],["110910.76000000","0.06365000"],["110910.61000000","0.00010000"],["110910.60000000","0.46592000"],["110910.01000000","0.00010000"],["110910.00000000","0.04369000"],["110909.99000000","0.00009000"],["110909.93000000","0.00005000"],["110909.92000000","0.00911000"],["110908.42000000","0.00005000"],["110908.41000000","0.32461000"],["110908.31000000","0.00005000"],["110908.00000000","0.04360000"],["110907.99000000","0.05738000"],["110907.77000000","0.00901000"],["110907.25000000","0.72398000"],["110907.17000000","0.00005000"]],"asks":[["110910.91000000","5.38041000"],["110910.92000000","0.04553000"],["110911.15000000","0.00010000"],["110911.16000000","0.04474000"],["110911.24000000","0.00014000"],["110911.79000000","0.00005000"],["110911.88000000","0.00010000"],["110911.89000000","0.00844000"],["110911.97000000","0.00010000"],["110911.98000000","0.30404000"],["110911.99000000","0.00010000"],["110912.00000000","0.04660000"],["110912.39000000","0.29755000"],["110912.46000000","0.00014000"],["110912.78000000","0.00487000"],["110912.83000000","0.00005000"],["110912.91000000","0.06360000"],["110912.93000000","0.04868000"],["110913.16000000","0.00007000"],["110913.48000000","0.00005000"]]},{"timestamp":1757148629232,"lastUpdateId":75891648434,"bids":[["110910.90000000","8.23642000"],["110910.89000000","0.02524000"],["110910.88000000","0.00010000"],["110910.77000000","0.00821000"],["110910.76000000","0.06365000"],["110910.61000000","0.00010000"],["110910.60000000","0.46574000"],["110910.01000000","0.00010000"],["110910.00000000","0.04369000"],["110909.99000000","0.00009000"],["110909.93000000","0.00005000"],["110909.92000000","0.00911000"],["110908.42000000","0.00005000"],["110908.41000000","0.32461000"],["110908.31000000","0.00005000"],["110908.00000000","0.04365000"],["110907.99000000","0.05738000"],["110907.77000000","0.00906000"],["110907.25000000","0.72398000"],["110907.17000000","0.00005000"]],"asks":[["110910.91000000","5.90226000"],["110910.92000000","0.04528000"],["110911.15000000","0.00010000"],["110911.16000000","0.04474000"],["110911.24000000","0.00014000"],["110911.79000000","0.00005000"],["110911.88000000","0.00010000"],["110911.89000000","0.00844000"],["110911.97000000","0.00010000"],["110911.98000000","0.46383000"],["110911.99000000","1.00804000"],["110912.00000000","0.04660000"],["110912.39000000","0.29755000"],["110912.46000000","0.00014000"],["110912.78000000","0.00482000"],["110912.83000000","0.00005000"],["110912.91000000","0.06360000"],["110912.93000000","0.04868000"],["110913.16000000","0.00007000"],["110913.48000000","0.00005000"]]},{"timestamp":1757148629232,"lastUpdateId":75891648434,"bids":[["110910.90000000","8.36592000"],["110910.89000000","0.01733000"],["110910.88000000","0.00010000"],["110910.77000000","0.00831000"],["110910.76000000","0.06365000"],["110910.61000000","0.00010000"],["110910.60000000","0.46564000"],["110910.01000000","0.00005000"],["110910.00000000","0.04374000"],["110909.99000000","0.00009000"],["110909.93000000","0.00005000"],["110909.92000000","0.00911000"],["110908.42000000","0.00005000"],["110908.41000000","0.32456000"],["110908.31000000","0.00005000"],["110908.00000000","0.04360000"],["110907.99000000","0.05738000"],["110907.77000000","0.00906000"],["110907.25000000","0.72398000"],["110907.17000000","0.00005000"]],"asks":[["110910.91000000","6.28206000"],["110910.92000000","0.04533000"],["110911.15000000","0.00010000"],["110911.16000000","0.04474000"],["110911.24000000","0.00014000"],["110911.79000000","0.00005000"],["110911.88000000","0.00010000"],["110911.89000000","0.00844000"],["110911.97000000","0.00010000"],["110911.98000000","0.46383000"],["110911.99000000","1.00804000"],["110912.00000000","0.04655000"],["110912.39000000","0.29755000"],["110912.46000000","0.00014000"],["110912.78000000","0.00482000"],["110912.83000000","0.00005000"],["110912.91000000","0.06360000"],["110912.93000000","0.04868000"],["110913.16000000","0.00007000"],["110913.48000000","0.00005000"]]},{"timestamp":1757148629232,"lastUpdateId":75891648434,"bids":[["110910.90000000","8.56317000"],["110910.89000000","0.02157000"],["110910.88000000","0.00010000"],["110910.77000000","0.00010000"],["110910.76000000","0.06375000"],["110910.61000000","0.00010000"],["110910.60000000","0.46564000"],["110910.01000000","0.00010000"],["110910.00000000","0.04464000"],["110909.99000000","0.00009000"],["110909.93000000","0.00811000"],["110909.92000000","0.00906000"],["110908.42000000","0.00005000"],["110908.41000000","0.32461000"],["110908.31000000","0.00005000"],["110908.00000000","0.04365000"],["110907.99000000","0.05748000"],["110907.77000000","0.00901000"],["110907.25000000","0.72398000"],["110907.17000000","0.00005000"]],"asks":[["110910.91000000","6.22623000"],["110910.92000000","0.04533000"],["110911.15000000","0.00010000"],["110911.16000000","0.04474000"],["110911.24000000","0.00014000"],["110911.79000000","0.00005000"],["110911.88000000","0.00010000"],["110911.89000000","0.00834000"],["110911.97000000","0.00010000"],["110911.98000000","1.14920000"],["110911.99000000","1.00804000"],["110912.00000000","0.04645000"],["110912.39000000","0.29755000"],["110912.46000000","0.00014000"],["110912.78000000","0.00487000"],["110912.83000000","0.00005000"],["110912.91000000","0.06360000"],["110912.93000000","0.04868000"],["110913.16000000","0.00007000"],["110913.48000000","0.00005000"]]},{"timestamp":1757148599232,"lastUpdateId":75891643324,"bids":[["110910.90000000","0.02091000"],["110910.89000000","0.01682000"],["110910.88000000","0.00091000"],["110910.61000000","0.00010000"],["110910.60000000","0.00018000"],["110910.12000000","0.00010000"],["110910.11000000","0.02716000"],["110910.01000000","1.05052000"],["110910.00000000","0.00009000"],["110909.99000000","0.00009000"],["110909.92000000","0.00005000"],["110909.80000000","0.00010000"],["110909.79000000","0.00010000"],["110908.31000000","0.00005000"],["110908.00000000","0.00005000"],["110907.99000000","0.05743000"],["110907.77000000","0.00005000"],["110907.25000000","0.10894000"],["110906.23000000","0.00005000"],["110906.17000000","0.00051000"]],"asks":[["110910.91000000","0.73509000"],["110910.92000000","0.04405000"],["110911.15000000","0.00010000"],["110911.16000000","0.04474000"],["110911.24000000","0.00014000"],["110911.79000000","0.00005000"],["110911.88000000","0.00010000"],["110911.89000000","0.00027000"],["110911.97000000","0.00010000"],["110911.98000000","0.00010000"],["110911.99000000","0.00010000"],["110912.00000000","0.00310000"],["110912.46000000","0.00014000"],["110912.78000000","0.00487000"],["110913.16000000","0.00007000"],["110913.48000000","0.00005000"],["110913.52000000","0.00012000"],["110913.57000000","0.00007000"],["110913.60000000","0.00005000"],["110913.84000000","0.00005000"]]},{"timestamp":1757148599232,"lastUpdateId":75891643324,"bids":[["110910.90000000","0.02283000"],["110910.89000000","0.01682000"],["110910.88000000","0.00091000"],["110910.61000000","0.00010000"],["110910.60000000","0.00018000"],["110910.12000000","0.00010000"],["110910.11000000","0.02716000"],["110910.01000000","1.05052000"],["110910.00000000","0.00009000"],["110909.99000000","0.00009000"],["110909.92000000","0.00005000"],["110909.80000000","0.00010000"],["110909.79000000","0.00010000"],["110908.31000000","0.00005000"],["110908.00000000","0.00005000"],["110907.99000000","0.05743000"],["110907.77000000","0.00005000"],["110907.25000000","0.10894000"],["110906.23000000","0.00005000"],["110906.17000000","0.00051000"]],"asks":[["110910.91000000","0.73509000"],["110910.92000000","0.04405000"],["110911.15000000","0.00010000"],["110911.16000000","0.04474000"],["110911.24000000","0.00014000"],["110911.79000000","0.00005000"],["110911.88000000","0.00010000"],["110911.89000000","0.00027000"],["110911.97000000","0.00010000"],["110911.98000000","0.00010000"],["110911.99000000","0.00010000"],["110912.00000000","0.00310000"],["110912.46000000","0.00014000"],["110912.78000000","0.00487000"],["110913.16000000","0.00007000"],["110913.48000000","0.00005000"],["110913.52000000","0.00012000"],["110913.57000000","0.00007000"],["110913.60000000","0.00005000"],["110913.84000000","0.00005000"]]},{"timestamp":1757148599232,"lastUpdateId":75891643324,"bids":[["110910.90000000","0.02283000"],["110910.89000000","0.01682000"],["110910.88000000","0.00091000"],["110910.61000000","0.00010000"],["110910.60000000","0.00018000"],["110910.12000000","0.00010000"],["110910.11000000","0.02716000"],["110910.01000000","1.05052000"],["110910.00000000","0.00009000"],["110909.99000000","0.00009000"],["110909.92000000","0.00005000"],["110909.80000000","0.00010000"],["110909.79000000","0.00010000"],["110908.31000000","0.00005000"],["110908.00000000","0.00005000"],["110907.99000000","0.05743000"],["110907.77000000","0.00005000"],["110907.25000000","0.10894000"],["110906.23000000","0.00005000"],["110906.17000000","0.00051000"]],"asks":[["110910.91000000","0.73509000"],["110910.92000000","0.04405000"],["110911.15000000","0.00010000"],["110911.16000000","0.04474000"],["110911.24000000","0.00014000"],["110911.79000000","0.00005000"],["110911.88000000","0.00010000"],["110911.89000000","0.00027000"],["110911.97000000","0.00010000"],["110911.98000000","0.00010000"],["110911.99000000","0.00010000"],["110912.00000000","0.00310000"],["110912.46000000","0.00014000"],["110912.78000000","0.00487000"],["110913.16000000","0.00007000"],["110913.48000000","0.00005000"],["110913.52000000","0.00012000"],["110913.57000000","0.00007000"],["110913.60000000","0.00005000"],["110913.84000000","0.00005000"]]},{"timestamp":1757148599232,"lastUpdateId":75891643324,"bids":[["110910.90000000","0.02283000"],["110910.89000000","0.01682000"],["110910.88000000","0.00091000"],["110910.61000000","0.00010000"],["110910.60000000","0.00018000"],["110910.12000000","0.00010000"],["110910.11000000","0.02716000"],["110910.01000000","1.05052000"],["110910.00000000","0.00009000"],["110909.99000000","0.00009000"],["110909.92000000","0.00005000"],["110909.80000000","0.00010000"],["110909.79000000","0.00010000"],["110908.31000000","0.00005000"],["110908.00000000","0.00005000"],["110907.99000000","0.05743000"],["110907.77000000","0.00005000"],["110907.25000000","0.10894000"],["110906.23000000","0.00005000"],["110906.17000000","0.00051000"]],"asks":[["110910.91000000","0.73509000"],["110910.92000000","0.04405000"],["110911.15000000","0.00010000"],["110911.16000000","0.04474000"],["110911.24000000","0.00014000"],["110911.79000000","0.00005000"],["110911.88000000","0.00010000"],["110911.89000000","0.00027000"],["110911.97000000","0.00010000"],["110911.98000000","0.00010000"],["110911.99000000","0.00010000"],["110912.00000000","0.00310000"],["110912.46000000","0.00014000"],["110912.78000000","0.00487000"],["110913.16000000","0.00007000"],["110913.48000000","0.00005000"],["110913.52000000","0.00012000"],["110913.57000000","0.00007000"],["110913.60000000","0.00005000"],["110913.84000000","0.00005000"]]},{"timestamp":1757148599232,"lastUpdateId":75891643324,"bids":[["110910.90000000","0.03056000"],["110910.89000000","0.01682000"],["110910.88000000","0.00086000"],["110910.61000000","0.00010000"],["110910.60000000","0.00018000"],["110910.12000000","0.00010000"],["110910.11000000","0.02716000"],["110910.01000000","1.05052000"],["110910.00000000","0.04349000"],["110909.99000000","0.00009000"],["110909.92000000","0.00005000"],["110909.80000000","0.00010000"],["110909.79000000","0.00010000"],["110908.31000000","0.00005000"],["110908.00000000","0.04345000"],["110907.99000000","0.05743000"],["110907.77000000","0.00005000"],["110907.25000000","0.10894000"],["110906.23000000","0.00005000"],["110906.17000000","0.00051000"]],"asks":[["110910.91000000","0.73509000"],["110910.92000000","0.04405000"],["110911.15000000","0.00010000"],["110911.16000000","0.04474000"],["110911.24000000","0.00014000"],["110911.79000000","0.00005000"],["110911.88000000","0.00010000"],["110911.89000000","0.00027000"],["110911.97000000","0.00010000"],["110911.98000000","0.00010000"],["110911.99000000","0.00010000"],["110912.00000000","0.00310000"],["110912.46000000","0.00014000"],["110912.78000000","0.00487000"],["110913.16000000","0.00007000"],["110913.48000000","0.00005000"],["110913.52000000","0.00012000"],["110913.57000000","0.00007000"],["110913.60000000","0.00005000"],["110913.84000000","0.00005000"]]},{"timestamp":1757148599232,"lastUpdateId":75891643324,"bids":[["110910.90000000","9.57901000"],["110910.89000000","0.05726000"],["110910.88000000","0.00096000"],["110910.61000000","0.00010000"],["110910.60000000","0.46592000"],["110910.12000000","0.00010000"],["110910.11000000","0.02716000"],["110910.01000000","0.60192000"],["110910.00000000","0.04369000"],["110909.99000000","0.00009000"],["110909.92000000","0.00911000"],["110909.80000000","0.00010000"],["110909.79000000","0.00010000"],["110908.31000000","0.00005000"],["110908.00000000","0.04360000"],["110907.99000000","0.05738000"],["110907.77000000","0.00901000"],["110907.25000000","0.72398000"],["110906.23000000","0.00005000"],["110906.17000000","0.01318000"]],"asks":[["110910.91000000","1.68713000"],["110910.92000000","0.04553000"],["110911.15000000","0.00010000"],["110911.16000000","0.04474000"],["110911.24000000","0.00014000"],["110911.79000000","0.00005000"],["110911.88000000","0.00010000"],["110911.89000000","0.00844000"],["110911.97000000","0.00010000"],["110911.98000000","0.00010000"],["110911.99000000","0.00010000"],["110912.00000000","0.04655000"],["110912.46000000","0.00014000"],["110912.78000000","0.00487000"],["110913.16000000","0.00007000"],["110913.48000000","0.00005000"],["110913.52000000","0.00012000"],["110913.57000000","0.00007000"],["110913.60000000","0.00005000"],["110913.84000000","0.00005000"]]},{"timestamp":1757148599232,"lastUpdateId":75891643324,"bids":[["110910.90000000","8.98268000"],["110910.89000000","0.02534000"],["110910.88000000","0.00096000"],["110910.61000000","0.00010000"],["110910.60000000","0.46592000"],["110910.12000000","0.00010000"],["110910.11000000","0.02716000"],["110910.01000000","0.00010000"],["110910.00000000","0.04369000"],["110909.99000000","0.00009000"],["110909.92000000","0.00911000"],["110909.80000000","0.00010000"],["110909.79000000","0.00010000"],["110908.31000000","0.00005000"],["110908.00000000","0.04360000"],["110907.99000000","0.05738000"],["110907.77000000","0.00901000"],["110907.25000000","0.72398000"],["110906.23000000","0.00005000"],["110906.17000000","0.01318000"]],"asks":[["110910.91000000","5.38041000"],["110910.92000000","0.04553000"],["110911.15000000","0.00010000"],["110911.16000000","0.04474000"],["110911.24000000","0.00014000"],["110911.79000000","0.00005000"],["110911.88000000","0.00010000"],["110911.89000000","0.00844000"],["110911.97000000","0.00010000"],["110911.98000000","0.30404000"],["110911.99000000","0.00010000"],["110912.00000000","0.04660000"],["110912.46000000","0.00014000"],["110912.78000000","0.00487000"],["110913.16000000","0.00007000"],["110913.48000000","0.00005000"],["110913.52000000","0.00012000"],["110913.57000000","0.00007000"],["110913.60000000","0.00005000"],["110913.84000000","0.00005000"]]},{"timestamp":1757148599232,"lastUpdateId":75891643324,"bids":[["110910.90000000","8.23642000"],["110910.89000000","0.02524000"],["110910.88000000","0.00010000"],["110910.61000000","0.00010000"],["110910.60000000","0.46574000"],["110910.12000000","0.00010000"],["110910.11000000","0.02716000"],["110910.01000000","0.00010000"],["110910.00000000","0.04369000"],["110909.99000000","0.00009000"],["110909.92000000","0.00911000"],["110909.80000000","0.00010000"],["110909.79000000","0.00010000"],["110908.31000000","0.00005000"],["110908.00000000","0.04365000"],["110907.99000000","0.05738000"],["110907.77000000","0.00906000"],["110907.25000000","0.72398000"],["110906.23000000","0.00005000"],["110906.17000000","0.01318000"]],"asks":[["110910.91000000","5.90226000"],["110910.92000000","0.04528000"],["110911.15000000","0.00010000"],["110911.16000000","0.04474000"],["110911.24000000","0.00014000"],["110911.79000000","0.00005000"],["110911.88000000","0.00010000"],["110911.89000000","0.00844000"],["110911.97000000","0.00010000"],["110911.98000000","0.46383000"],["110911.99000000","1.00804000"],["110912.00000000","0.04660000"],["110912.46000000","0.00014000"],["110912.78000000","0.00482000"],["110913.16000000","0.00007000"],["110913.48000000","0.00005000"],["110913.52000000","0.00012000"],["110913.57000000","0.00007000"],["110913.60000000","0.00005000"],["110913.84000000","0.00005000"]]},{"timestamp":1757148599232,"lastUpdateId":75891643324,"bids":[["110910.90000000","8.36592000"],["110910.89000000","0.01733000"],["110910.88000000","0.00010000"],["110910.61000000","0.00010000"],["110910.60000000","0.46564000"],["110910.12000000","0.00010000"],["110910.11000000","0.02716000"],["110910.01000000","0.00005000"],["110910.00000000","0.04374000"],["110909.99000000","0.00009000"],["110909.92000000","0.00911000"],["110909.80000000","0.00010000"],["110909.79000000","0.00010000"],["110908.31000000","0.00005000"],["110908.00000000","0.04360000"],["110907.99000000","0.05738000"],["110907.77000000","0.00906000"],["110907.25000000","0.72398000"],["110906.23000000","0.00005000"],["110906.17000000","0.01313000"]],"asks":[["110910.91000000","6.28206000"],["110910.92000000","0.04533000"],["110911.15000000","0.00010000"],["110911.16000000","0.04474000"],["110911.24000000","0.00014000"],["110911.79000000","0.00005000"],["110911.88000000","0.00010000"],["110911.89000000","0.00844000"],["110911.97000000","0.00010000"],["110911.98000000","0.46383000"],["110911.99000000","1.00804000"],["110912.00000000","0.04655000"],["110912.46000000","0.00014000"],["110912.78000000","0.00482000"],["110913.16000000","0.00007000"],["110913.48000000","0.00005000"],["110913.52000000","0.00012000"],["110913.57000000","0.00007000"],["110913.60000000","0.00005000"],["110913.84000000","0.00005000"]]},{"timestamp":1757148599232,"lastUpdateId":75891643324,"bids":[["110910.90000000","8.56317000"],["110910.89000000","0.02157000"],["110910.88000000","0.00010000"],["110910.61000000","0.00010000"],["110910.60000000","0.46564000"],["110910.12000000","0.00010000"],["110910.11000000","0.02716000"],["110910.01000000","0.00010000"],["110910.00000000","0.04464000"],["110909.99000000","0.00009000"],["110909.92000000","0.00906000"],["110909.80000000","0.00010000"],["110909.79000000","0.00010000"],["110908.31000000","0.00005000"],["110908.00000000","0.04365000"],["110907.99000000","0.05748000"],["110907.77000000","0.00901000"],["110907.25000000","0.72398000"],["110906.23000000","0.00005000"],["110906.17000000","0.01313000"]],"asks":[["110910.91000000","6.22623000"],["110910.92000000","0.04533000"],["110911.15000000","0.00010000"],["110911.16000000","0.04474000"],["110911.24000000","0.00014000"],["110911.79000000","0.00005000"],["110911.88000000","0.00010000"],["110911.89000000","0.00834000"],["110911.97000000","0.00010000"],["110911.98000000","1.14920000"],["110911.99000000","1.00804000"],["110912.00000000","0.04645000"],["110912.46000000","0.00014000"],["110912.78000000","0.00487000"],["110913.16000000","0.00007000"],["110913.48000000","0.00005000"],["110913.52000000","0.00012000"],["110913.57000000","0.00007000"],["110913.60000000","0.00005000"],["110913.84000000","0.00005000"]]},{"timestamp":1757148599232,"lastUpdateId":75891643324,"bids":[["110910.90000000","9.95133000"],["110910.89000000","0.02599000"],["110910.88000000","0.00010000"],["110910.61000000","0.00010000"],["110910.60000000","0.46574000"],["110910.12000000","0.00010000"],["110910.11000000","0.02716000"],["110910.01000000","0.00010000"],["110910.00000000","0.04365000"],["110909.99000000","0.00009000"],["110909.92000000","0.00906000"],["110909.80000000","0.00005000"],["110909.79000000","0.04959000"],["110908.31000000","0.00005000"],["110908.00000000","0.04365000"],["110907.99000000","0.05743000"],["110907.77000000","0.00906000"],["110907.25000000","1.02150000"],["110906.23000000","0.00005000"],["110906.17000000","0.01313000"]],"asks":[["110910.91000000","5.70271000"],["110910.92000000","0.04568000"],["110911.15000000","0.00010000"],["110911.16000000","0.04474000"],["110911.24000000","0.00014000"],["110911.79000000","0.00005000"],["110911.88000000","0.00005000"],["110911.89000000","0.00834000"],["110911.97000000","0.00010000"],["110911.98000000","0.51348000"],["110911.99000000","1.00804000"],["110912.00000000","0.04645000"],["110912.46000000","0.00014000"],["110912.78000000","0.00487000"],["110913.16000000","0.00007000"],["110913.48000000","0.00005000"],["110913.52000000","0.00017000"],["110913.57000000","0.00007000"],["110913.60000000","0.00005000"],["110913.84000000","0.00005000"]]},{"timestamp":1757148569231,"lastUpdateId":75891637470,"bids":[["110910.90000000","0.02091000"],["110910.89000000","0.01682000"],["110910.88000000","0.00091000"],["110910.61000000","0.00010000"],["110910.60000000","0.00018000"],["110910.08000000","0.00010000"],["110910.07000000","0.00010000"],["110910.01000000","1.05052000"],["110910.00000000","0.00009000"],["110909.99000000","0.00009000"],["110909.92000000","0.00005000"],["110909.80000000","0.00010000"],["110909.79000000","0.00010000"],["110908.00000000","0.00005000"],["110907.99000000","0.05743000"],["110907.81000000","0.04000000"],["110907.77000000","0.00005000"],["110907.25000000","0.10894000"],["110906.17000000","0.00051000"],["110906.16000000","0.00901000"]],"asks":[["110910.91000000","0.73509000"],["110910.92000000","0.04405000"],["110911.24000000","0.00014000"],["110911.79000000","0.00005000"],["110911.88000000","0.00010000"],["110911.89000000","0.00027000"],["110911.97000000","0.00010000"],["110911.98000000","0.00010000"],["110911.99000000","0.00010000"],["110912.00000000","0.00310000"],["110912.40000000","0.00005000"],["110912.46000000","0.00014000"],["110912.78000000","0.00487000"],["110913.04000000","0.05893000"],["110913.16000000","0.00007000"],["110913.48000000","0.00005000"],["110913.51000000","0.04968000"],["110913.52000000","0.00012000"],["110913.57000000","0.00007000"],["110913.60000000","0.00005000"]]},{"timestamp":1757148569231,"lastUpdateId":75891637470,"bids":[["110910.90000000","0.02283000"],["110910.89000000","0.01682000"],["110910.88000000","0.00091000"],["110910.61000000","0.00010000"],["110910.60000000","0.00018000"],["110910.08000000","0.00010000"],["110910.07000000","0.00010000"],["110910.01000000","1.05052000"],["110910.00000000","0.00009000"],["110909.99000000","0.00009000"],["110909.92000000","0.00005000"],["110909.80000000","0.00010000"],["110909.79000000","0.00010000"],["110908.00000000","0.00005000"],["110907.99000000","0.05743000"],["110907.81000000","0.04000000"],["110907.77000000","0.00005000"],["110907.25000000","0.10894000"],["110906.17000000","0.00051000"],["110906.16000000","0.00901000"]],"asks":[["110910.91000000","0.73509000"],["110910.92000000","0.04405000"],["110911.24000000","0.00014000"],["110911.79000000","0.00005000"],["110911.88000000","0.00010000"],["110911.89000000","0.00027000"],["110911.97000000","0.00010000"],["110911.98000000","0.00010000"],["110911.99000000","0.00010000"],["110912.00000000","0.00310000"],["110912.40000000","0.00005000"],["110912.46000000","0.00014000"],["110912.78000000","0.00487000"],["110913.04000000","0.05893000"],["110913.16000000","0.00007000"],["110913.48000000","0.00005000"],["110913.51000000","0.04968000"],["110913.52000000","0.00012000"],["110913.57000000","0.00007000"],["110913.60000000","0.00005000"]]},{"timestamp":1757148569231,"lastUpdateId":75891637470,"bids":[["110910.90000000","0.02283000"],["110910.89000000","0.01682000"],["110910.88000000","0.00091000"],["110910.61000000","0.00010000"],["110910.60000000","0.00018000"],["110910.08000000","0.00010000"],["110910.07000000","0.00010000"],["110910.01000000","1.05052000"],["110910.00000000","0.00009000"],["110909.99000000","0.00009000"],["110909.92000000","0.00005000"],["110909.80000000","0.00010000"],["110909.79000000","0.00010000"],["110908.00000000","0.00005000"],["110907.99000000","0.05743000"],["110907.81000000","0.04000000"],["110907.77000000","0.00005000"],["110907.25000000","0.10894000"],["110906.17000000","0.00051000"],["110906.16000000","0.00901000"]],"asks":[["110910.91000000","0.73509000"],["110910.92000000","0.04405000"],["110911.24000000","0.00014000"],["110911.79000000","0.00005000"],["110911.88000000","0.00010000"],["110911.89000000","0.00027000"],["110911.97000000","0.00010000"],["110911.98000000","0.00010000"],["110911.99000000","0.00010000"],["110912.00000000","0.00310000"],["110912.40000000","0.00005000"],["110912.46000000","0.00014000"],["110912.78000000","0.00487000"],["110913.04000000","0.05893000"],["110913.16000000","0.00007000"],["110913.48000000","0.00005000"],["110913.51000000","0.04968000"],["110913.52000000","0.00012000"],["110913.57000000","0.00007000"],["110913.60000000","0.00005000"]]},{"timestamp":1757148569231,"lastUpdateId":75891637470,"bids":[["110910.90000000","0.02283000"],["110910.89000000","0.01682000"],["110910.88000000","0.00091000"],["110910.61000000","0.00010000"],["110910.60000000","0.00018000"],["110910.08000000","0.00010000"],["110910.07000000","0.00010000"],["110910.01000000","1.05052000"],["110910.00000000","0.00009000"],["110909.99000000","0.00009000"],["110909.92000000","0.00005000"],["110909.80000000","0.00010000"],["110909.79000000","0.00010000"],["110908.00000000","0.00005000"],["110907.99000000","0.05743000"],["110907.81000000","0.04000000"],["110907.77000000","0.00005000"],["110907.25000000","0.10894000"],["110906.17000000","0.00051000"],["110906.16000000","0.00901000"]],"asks":[["110910.91000000","0.73509000"],["110910.92000000","0.04405000"],["110911.24000000","0.00014000"],["110911.79000000","0.00005000"],["110911.88000000","0.00010000"],["110911.89000000","0.00027000"],["110911.97000000","0.00010000"],["110911.98000000","0.00010000"],["110911.99000000","0.00010000"],["110912.00000000","0.00310000"],["110912.40000000","0.00005000"],["110912.46000000","0.00014000"],["110912.78000000","0.00487000"],["110913.04000000","0.05893000"],["110913.16000000","0.00007000"],["110913.48000000","0.00005000"],["110913.51000000","0.04968000"],["110913.52000000","0.00012000"],["110913.57000000","0.00007000"],["110913.60000000","0.00005000"]]},{"timestamp":1757148569231,"lastUpdateId":75891637470,"bids":[["110910.90000000","0.03056000"],["110910.89000000","0.01682000"],["110910.88000000","0.00086000"],["110910.61000000","0.00010000"],["110910.60000000","0.00018000"],["110910.08000000","0.00010000"],["110910.07000000","0.00010000"],["110910.01000000","1.05052000"],["110910.00000000","0.04349000"],["110909.99000000","0.00009000"],["110909.92000000","0.00005000"],["110909.80000000","0.00010000"],["110909.79000000","0.00010000"],["110908.00000000","0.04345000"],["110907.99000000","0.05743000"],["110907.81000000","0.04000000"],["110907.77000000","0.00005000"],["110907.25000000","0.10894000"],["110906.17000000","0.00051000"],["110906.16000000","0.00901000"]],"asks":[["110910.91000000","0.73509000"],["110910.92000000","0.04405000"],["110911.24000000","0.00014000"],["110911.79000000","0.00005000"],["110911.88000000","0.00010000"],["110911.89000000","0.00027000"],["110911.97000000","0.00010000"],["110911.98000000","0.00010000"],["110911.99000000","0.00010000"],["110912.00000000","0.00310000"],["110912.40000000","0.00005000"],["110912.46000000","0.00014000"],["110912.78000000","0.00487000"],["110913.04000000","0.05893000"],["110913.16000000","0.00007000"],["110913.48000000","0.00005000"],["110913.51000000","0.04968000"],["110913.52000000","0.00012000"],["110913.57000000","0.00007000"],["110913.60000000","0.00005000"]]}