[{"timestamp":1757148899245,"lastUpdateId":59643484326,"bids":[["4311.34000000","69.63140000"],["4311.33000000","0.47760000"],["4311.32000000","0.00320000"],["4311.30000000","0.89900000"],["4311.29000000","0.00240000"],["4311.28000000","0.00120000"],["4311.26000000","0.00520000"],["4311.25000000","0.00240000"],["4311.23000000","0.00120000"],["4311.22000000","0.55940000"],["4311.21000000","0.00120000"],["4311.18000000","0.03110000"],["4311.16000000","0.00120000"],["4311.12000000","10.19910000"],["4311.11000000","2.78300000"],["4311.10000000","0.04050000"],["4311.09000000","4.04130000"],["4311.08000000","0.36670000"],["4311.04000000","0.11840000"],["4311.02000000","0.01600000"]],"asks":[["4311.35000000","37.60830000"],["4311.36000000","0.72140000"],["4311.38000000","1.36570000"],["4311.39000000","0.70240000"],["4311.40000000","0.84420000"],["4311.41000000","0.00120000"],["4311.45000000","0.06940000"],["4311.46000000","0.00240000"],["4311.47000000","0.00120000"],["4311.48000000","0.00240000"],["4311.49000000","0.23200000"],["4311.50000000","0.84300000"],["4311.53000000","8.02230000"],["4311.54000000","0.12320000"],["4311.56000000","0.00120000"],["4311.57000000","1.13550000"],["4311.60000000","5.94050000"],["4311.61000000","5.79780000"],["4311.62000000","0.01400000"],["4311.68000000","0.56020000"]]},{"timestamp":1757148869244,"lastUpdateId":59643480371,"bids":[["4311.09000000","4.04130000"],["4311.08000000","0.36670000"],["4311.07000000","0.00200000"],["4311.05000000","0.00200000"],["4311.04000000","0.11840000"],["4311.02000000","0.00240000"],["4311.01000000","0.00400000"],["4311.00000000","0.91720000"],["4310.98000000","0.03480000"],["4310.97000000","0.18680000"],["4310.96000000","0.00120000"],["4310.95000000","0.04760000"],["4310.94000000","5.98530000"],["4310.93000000","0.00800000"],["4310.91000000","5.80050000"],["4310.90000000","8.79390000"],["4310.89000000","1.60000000"],["4310.86000000","0.00240000"],["4310.82000000","0.02510000"],["4310.81000000","0.51240000"]],"asks":[["4311.10000000","38.17550000"],["4311.11000000","0.57300000"],["4311.12000000","0.73750000"],["4311.13000000","0.00120000"],["4311.15000000","0.93440000"],["4311.16000000","0.00120000"],["4311.17000000","0.00120000"],["4311.18000000","0.00120000"],["4311.20000000","0.00240000"],["4311.21000000","0.17180000"],["4311.22000000","0.00120000"],["4311.23000000","0.00120000"],["4311.24000000","0.00120000"],["4311.26000000","0.68940000"],["4311.30000000","0.84300000"],["4311.34000000","0.00240000"],["4311.35000000","37.60830000"],["4311.36000000","0.72140000"],["4311.39000000","0.70240000"],["4311.45000000","0.06940000"]]},{"timestamp":1757148869244,"lastUpdateId":59643480371,"bids":[["4311.09000000","47.86500000"],["4311.08000000","2.33660000"],["4311.07000000","6.33710000"],["4311.05000000","0.00320000"],["4311.04000000","0.51840000"],["4311.02000000","0.23440000"],["4311.01000000","0.00640000"],["4311.00000000","1.09650000"],["4310.98000000","0.03600000"],["4310.97000000","0.18680000"],["4310.96000000","0.00120000"],["4310.95000000","0.04880000"],["4310.94000000","0.06960000"],["4310.93000000","0.00800000"],["4310.91000000","0.00300000"],["4310.90000000","2.30790000"],["4310.89000000","1.60000000"],["4310.86000000","0.80240000"],["4310.82000000","0.02510000"],["4310.81000000","0.51240000"]],"asks":[["4311.10000000","45.53450000"],["4311.11000000","0.82020000"],["4311.12000000","0.73750000"],["4311.13000000","0.00120000"],["4311.15000000","0.93440000"],["4311.16000000","0.00120000"],["4311.17000000","0.00120000"],["4311.18000000","0.00120000"],["4311.20000000","0.00240000"],["4311.21000000","0.17300000"],["4311.22000000","0.00120000"],["4311.23000000","0.00120000"],["4311.24000000","0.00120000"],["4311.26000000","0.69460000"],["4311.30000000","0.84300000"],["4311.34000000","0.00120000"],["4311.35000000","8.56770000"],["4311.36000000","4.92980000"],["4311.39000000","1.13550000"],["4311.45000000","0.06700000"]]},{"timestamp":1757148839244,"lastUpdateId":59643471967,"bids":[["4312.47000000","1.24250000"],["4312.46000000","0.02270000"],["4312.45000000","1.13100000"],["4312.44000000","0.00360000"],["4312.43000000","0.00120000"],["4312.42000000","0.00120000"],["4312.41000000","0.00240000"],["4312.40000000","0.00120000"],["4312.36000000","0.00120000"],["4312.32000000","0.00200000"],["4312.30000000","0.00200000"],["4312.28000000","0.00320000"],["4312.24000000","0.00400000"],["4312.23000000","2.32100000"],["4312.22000000","0.00120000"],["4312.21000000","2.47540000"],["4312.20000000","0.84300000"],["4312.16000000","0.01220000"],["4312.15000000","2.77880000"],["4312.14000000","0.04100000"]],"asks":[["4312.48000000","5.94970000"],["4312.49000000","4.10370000"],["4312.50000000","0.19640000"],["4312.51000000","0.00240000"],["4312.52000000","0.00200000"],["4312.53000000","19.61170000"],["4312.54000000","0.00120000"],["4312.55000000","0.01150000"],["4312.56000000","0.00400000"],["4312.57000000","0.00240000"],["4312.63000000","0.26470000"],["4312.64000000","0.00120000"],["4312.66000000","0.03300000"],["4312.67000000","12.00560000"],["4312.68000000","0.11340000"],["4312.69000000","0.10000000"],["4312.70000000","0.11600000"],["4312.71000000","0.10640000"],["4312.73000000","0.00120000"],["4312.77000000","0.12170000"]]},{"timestamp":1757148839244,"lastUpdateId":59643471967,"bids":[["4312.47000000","1.24250000"],["4312.46000000","0.02270000"],["4312.45000000","1.13100000"],["4312.44000000","0.00360000"],["4312.43000000","0.00120000"],["4312.42000000","0.00120000"],["4312.41000000","0.00240000"],["4312.40000000","0.00120000"],["4312.36000000","0.00120000"],["4312.32000000","0.00200000"],["4312.30000000","0.00200000"],["4312.28000000","0.00320000"],["4312.24000000","0.00400000"],["4312.23000000","2.32100000"],["4312.22000000","0.00120000"],["4312.21000000","2.47540000"],["4312.20000000","0.84300000"],["4312.16000000","0.01220000"],["4312.15000000","2.77880000"],["4312.14000000","0.04100000"]],"asks":[["4312.48000000","2.43400000"],["4312.49000000","4.10370000"],["4312.50000000","0.19640000"],["4312.51000000","0.00240000"],["4312.52000000","0.00200000"],["4312.53000000","2.93580000"],["4312.54000000","0.00120000"],["4312.55000000","0.01150000"],["4312.56000000","0.00400000"],["4312.57000000","0.00240000"],["4312.63000000","0.67150000"],["4312.64000000","0.00120000"],["4312.66000000","0.03300000"],["4312.67000000","12.00560000"],["4312.68000000","0.11340000"],["4312.69000000","0.10000000"],["4312.70000000","0.11600000"],["4312.71000000","0.10640000"],["4312.73000000","0.00120000"],["4312.77000000","0.12170000"]]},{"timestamp":1757148839244,"lastUpdateId":59643471967,"bids":[["4312.47000000","157.13130000"],["4312.46000000","0.01890000"],["4312.45000000","3.40550000"],["4312.44000000","0.50960000"],["4312.43000000","0.00120000"],["4312.42000000","0.00120000"],["4312.41000000","0.00360000"],["4312.40000000","1.51640000"],["4312.36000000","0.00240000"],["4312.32000000","0.02630000"],["4312.30000000","0.84500000"],["4312.28000000","0.00200000"],["4312.24000000","0.00400000"],["4312.23000000","2.32100000"],["4312.22000000","0.00240000"],["4312.21000000","13.64440000"],["4312.20000000","0.84300000"],["4312.16000000","24.38130000"],["4312.15000000","2.72390000"],["4312.14000000","0.03980000"]],"asks":[["4312.48000000","15.12980000"],["4312.49000000","0.00360000"],["4312.50000000","0.04960000"],["4312.51000000","0.00120000"],["4312.52000000","0.00320000"],["4312.53000000","0.00240000"],["4312.54000000","0.00120000"],["4312.55000000","0.00120000"],["4312.56000000","7.40520000"],["4312.57000000","0.00240000"],["4312.63000000","0.04570000"],["4312.64000000","0.00800000"],["4312.66000000","0.03180000"],["4312.67000000","0.06960000"],["4312.68000000","0.11460000"],["4312.69000000","2.37470000"],["4312.70000000","0.11600000"],["4312.71000000","0.10640000"],["4312.73000000","0.00120000"],["4312.77000000","0.12170000"]]},{"timestamp":1757148809238,"lastUpdateId":59643465145,"bids":[["4311.81000000","0.05000000"],["4311.80000000","0.06960000"],["4311.78000000","7.68840000"],["4311.77000000","0.00300000"],["4311.76000000","0.00200000"],["4311.75000000","0.69600000"],["4311.74000000","0.00200000"],["4311.72000000","0.00200000"],["4311.69000000","0.00120000"],["4311.68000000","0.03320000"],["4311.60000000","3.39500000"],["4311.56000000","11.30810000"],["4311.54000000","0.69690000"],["4311.53000000","0.25500000"],["4311.52000000","5.91570000"],["4311.51000000","5.91810000"],["4311.50000000","0.90090000"],["4311.47000000","0.69720000"],["4311.44000000","0.00120000"],["4311.42000000","0.25390000"]],"asks":[["4311.82000000","26.07970000"],["4311.83000000","0.69650000"],["4311.84000000","0.18880000"],["4311.85000000","0.03600000"],["4311.86000000","0.00320000"],["4311.89000000","0.00240000"],["4311.90000000","0.00840000"],["4311.91000000","0.11720000"],["4311.92000000","0.00120000"],["4311.93000000","0.00240000"],["4311.97000000","0.02320000"],["4311.98000000","0.00800000"],["4312.00000000","0.04880000"],["4312.01000000","0.00120000"],["4312.04000000","0.00240000"],["4312.05000000","0.01400000"],["4312.08000000","0.00120000"],["4312.09000000","0.54820000"],["4312.10000000","0.84300000"],["4312.12000000","0.10000000"]]},{"timestamp":1757148809238,"lastUpdateId":59643465145,"bids":[["4311.81000000","0.05000000"],["4311.80000000","0.06960000"],["4311.78000000","7.68840000"],["4311.77000000","0.00300000"],["4311.76000000","0.00200000"],["4311.75000000","0.69600000"],["4311.74000000","0.00200000"],["4311.72000000","0.00200000"],["4311.69000000","0.00120000"],["4311.68000000","0.03320000"],["4311.60000000","3.39500000"],["4311.56000000","11.30810000"],["4311.54000000","0.69690000"],["4311.53000000","0.25500000"],["4311.52000000","5.91570000"],["4311.51000000","5.91810000"],["4311.50000000","0.90090000"],["4311.47000000","0.69720000"],["4311.44000000","0.00120000"],["4311.42000000","0.25390000"]],"asks":[["4311.82000000","26.07970000"],["4311.83000000","0.69650000"],["4311.84000000","0.18880000"],["4311.85000000","0.03600000"],["4311.86000000","0.00320000"],["4311.89000000","0.00240000"],["4311.90000000","0.00840000"],["4311.91000000","0.11720000"],["4311.92000000","0.00120000"],["4311.93000000","0.00240000"],["4311.97000000","0.02320000"],["4311.98000000","0.00800000"],["4312.00000000","0.04880000"],["4312.01000000","0.00120000"],["4312.04000000","0.00240000"],["4312.05000000","0.01400000"],["4312.08000000","0.00120000"],["4312.09000000","0.54820000"],["4312.10000000","0.84300000"],["4312.12000000","0.10000000"]]},{"timestamp":1757148809238,"lastUpdateId":59643465145,"bids":[["4311.81000000","2.38510000"],["4311.80000000","1.71260000"],["4311.78000000","7.68840000"],["4311.77000000","0.00300000"],["4311.76000000","0.00200000"],["4311.75000000","0.69600000"],["4311.74000000","0.00200000"],["4311.72000000","0.00200000"],["4311.69000000","0.00120000"],["4311.68000000","0.05510000"],["4311.60000000","3.39500000"],["4311.56000000","0.00240000"],["4311.54000000","0.69690000"],["4311.53000000","6.82480000"],["4311.52000000","0.02310000"],["4311.51000000","5.91810000"],["4311.50000000","0.90090000"],["4311.47000000","0.69720000"],["4311.44000000","0.00120000"],["4311.42000000","0.25390000"]],"asks":[["4311.82000000","26.07970000"],["4311.83000000","0.69650000"],["4311.84000000","0.18880000"],["4311.85000000","0.03600000"],["4311.86000000","0.00320000"],["4311.89000000","0.00240000"],["4311.90000000","0.00840000"],["4311.91000000","0.11720000"],["4311.92000000","0.00120000"],["4311.93000000","0.00240000"],["4311.97000000","0.02320000"],["4311.98000000","0.00800000"],["4312.00000000","0.04880000"],["4312.01000000","0.00120000"],["4312.04000000","0.00240000"],["4312.05000000","0.01400000"],["4312.08000000","0.00120000"],["4312.09000000","0.54820000"],["4312.10000000","0.84300000"],["4312.12000000","0.10000000"]]},{"timestamp":1757148809238,"lastUpdateId":59643465145,"bids":[["4311.81000000","119.39670000"],["4311.80000000","0.86420000"],["4311.78000000","0.50350000"],["4311.77000000","0.00120000"],["4311.76000000","0.00440000"],["4311.75000000","0.00120000"],["4311.74000000","0.00320000"],["4311.72000000","0.00440000"],["4311.69000000","0.40240000"],["4311.68000000","0.02830000"],["4311.60000000","0.85100000"],["4311.56000000","0.00120000"],["4311.54000000","0.69690000"],["4311.53000000","0.00240000"],["4311.52000000","0.02310000"],["4311.51000000","4.30160000"],["4311.50000000","0.84300000"],["4311.47000000","0.00120000"],["4311.44000000","5.81400000"],["4311.42000000","5.91570000"]],"asks":[["4311.82000000","26.07970000"],["4311.83000000","0.69650000"],["4311.84000000","0.18880000"],["4311.85000000","0.03600000"],["4311.86000000","0.00320000"],["4311.89000000","0.00240000"],["4311.90000000","0.00840000"],["4311.91000000","0.11720000"],["4311.92000000","0.00120000"],["4311.93000000","0.00240000"],["4311.97000000","0.02320000"],["4311.98000000","0.00800000"],["4312.00000000","0.04880000"],["4312.01000000","0.00120000"],["4312.04000000","0.00240000"],["4312.05000000","0.01400000"],["4312.08000000","0.00120000"],["4312.09000000","0.54820000"],["4312.10000000","0.84300000"],["4312.12000000","0.10000000"]]},{"timestamp":1757148779231,"lastUpdateId":59643457793,"bids":[["4310.81000000","0.51240000"],["4310.80000000","0.84300000"],["4310.77000000","0.00120000"],["4310.76000000","0.00120000"],["4310.75000000","0.00120000"],["4310.73000000","0.00120000"],["4310.72000000","0.02310000"],["4310.71000000","0.55860000"],["4310.70000000","0.00120000"],["4310.69000000","0.00570000"],["4310.68000000","0.01390000"],["4310.60000000","0.84300000"],["4310.59000000","0.00120000"],["4310.56000000","5.90760000"],["4310.55000000","5.95250000"],["4310.54000000","0.18560000"],["4310.52000000","2.01840000"],["4310.51000000","0.06960000"],["4310.50000000","0.04640000"],["4310.48000000","0.00180000"]],"asks":[["4310.82000000","10.71960000"],["4310.83000000","0.00360000"],["4310.84000000","0.00320000"],["4310.85000000","0.00120000"],["4310.86000000","0.00440000"],["4310.87000000","0.00120000"],["4310.88000000","0.00120000"],["4310.89000000","0.00120000"],["4310.90000000","0.00760000"],["4310.93000000","0.00120000"],["4310.95000000","0.61500000"],["4310.96000000","0.04640000"],["4310.98000000","0.19360000"],["4310.99000000","0.03600000"],["4311.00000000","2.04560000"],["4311.05000000","6.08360000"],["4311.09000000","0.00320000"],["4311.10000000","0.23200000"],["4311.11000000","0.07740000"],["4311.12000000","0.00240000"]]},{"timestamp":1757148779231,"lastUpdateId":59643457793,"bids":[["4310.81000000","0.51240000"],["4310.80000000","0.84300000"],["4310.77000000","0.00120000"],["4310.76000000","0.00120000"],["4310.75000000","0.00120000"],["4310.73000000","0.00120000"],["4310.72000000","0.02310000"],["4310.71000000","0.55860000"],["4310.70000000","0.00120000"],["4310.69000000","0.00570000"],["4310.68000000","0.00240000"],["4310.60000000","0.84300000"],["4310.59000000","0.00120000"],["4310.56000000","5.90760000"],["4310.55000000","0.03800000"],["4310.54000000","0.18680000"],["4310.52000000","2.01840000"],["4310.51000000","0.07080000"],["4310.50000000","0.04760000"],["4310.48000000","0.00180000"]],"asks":[["4310.82000000","10.71960000"],["4310.83000000","0.00360000"],["4310.84000000","0.00320000"],["4310.85000000","0.00120000"],["4310.86000000","0.00440000"],["4310.87000000","0.00120000"],["4310.88000000","0.00120000"],["4310.89000000","0.00120000"],["4310.90000000","0.00760000"],["4310.93000000","0.00120000"],["4310.95000000","0.61500000"],["4310.96000000","0.04640000"],["4310.98000000","0.19360000"],["4310.99000000","0.03600000"],["4311.00000000","2.04560000"],["4311.05000000","6.08360000"],["4311.09000000","0.00320000"],["4311.10000000","0.23200000"],["4311.11000000","0.07740000"],["4311.12000000","0.00240000"]]},{"timestamp":1757148779231,"lastUpdateId":59643457793,"bids":[["4310.81000000","0.75240000"],["4310.80000000","0.84300000"],["4310.77000000","0.00120000"],["4310.76000000","0.00120000"],["4310.75000000","0.00120000"],["4310.73000000","0.00120000"],["4310.72000000","0.37430000"],["4310.71000000","0.55860000"],["4310.70000000","0.00120000"],["4310.69000000","9.18270000"],["4310.68000000","0.00240000"],["4310.60000000","0.84300000"],["4310.59000000","0.00120000"],["4310.56000000","0.02310000"],["4310.55000000","2.64660000"],["4310.54000000","0.18560000"],["4310.52000000","2.01840000"],["4310.51000000","0.06960000"],["4310.50000000","0.04640000"],["4310.48000000","0.00180000"]],"asks":[["4310.82000000","10.71960000"],["4310.83000000","0.00360000"],["4310.84000000","0.00320000"],["4310.85000000","0.00120000"],["4310.86000000","0.00440000"],["4310.87000000","0.00120000"],["4310.88000000","0.00120000"],["4310.89000000","0.00120000"],["4310.90000000","0.00760000"],["4310.93000000","0.00120000"],["4310.95000000","0.61500000"],["4310.96000000","0.04640000"],["4310.98000000","0.19360000"],["4310.99000000","0.03600000"],["4311.00000000","2.04560000"],["4311.05000000","6.08360000"],["4311.09000000","0.00320000"],["4311.10000000","0.23200000"],["4311.11000000","0.07740000"],["4311.12000000","0.00240000"]]},{"timestamp":1757148779231,"lastUpdateId":59643457793,"bids":[["4310.81000000","1.14660000"],["4310.80000000","0.84300000"],["4310.77000000","0.00120000"],["4310.76000000","0.00120000"],["4310.75000000","0.00120000"],["4310.73000000","0.00120000"],["4310.72000000","5.93070000"],["4310.71000000","0.55860000"],["4310.70000000","0.00120000"],["4310.69000000","4.71590000"],["4310.68000000","0.00240000"],["4310.60000000","0.84300000"],["4310.59000000","0.00120000"],["4310.56000000","0.02310000"],["4310.55000000","5.25440000"],["4310.54000000","0.18560000"],["4310.52000000","2.65620000"],["4310.51000000","1.26960000"],["4310.50000000","0.04640000"],["4310.48000000","0.06580000"]],"asks":[["4310.82000000","10.71960000"],["4310.83000000","0.00360000"],["4310.84000000","0.00320000"],["4310.85000000","0.00120000"],["4310.86000000","0.00440000"],["4310.87000000","0.00120000"],["4310.88000000","0.00120000"],["4310.89000000","0.00120000"],["4310.90000000","0.00760000"],["4310.93000000","0.00120000"],["4310.95000000","0.61500000"],["4310.96000000","0.04640000"],["4310.98000000","0.19360000"],["4310.99000000","0.03600000"],["4311.00000000","2.04560000"],["4311.05000000","6.08360000"],["4311.09000000","0.00320000"],["4311.10000000","0.23200000"],["4311.11000000","0.07740000"],["4311.12000000","0.00240000"]]},{"timestamp":1757148779231,"lastUpdateId":59643457793,"bids":[["4310.81000000","77.65630000"],["4310.80000000","6.66440000"],["4310.77000000","0.00120000"],["4310.76000000","0.00240000"],["4310.75000000","0.00120000"],["4310.73000000","0.00120000"],["4310.72000000","0.02430000"],["4310.71000000","0.56460000"],["4310.70000000","0.00120000"],["4310.69000000","0.00240000"],["4310.68000000","4.48500000"],["4310.60000000","0.84300000"],["4310.59000000","5.79920000"],["4310.56000000","0.02510000"],["4310.55000000","2.20000000"],["4310.54000000","0.00200000"],["4310.52000000","0.00200000"],["4310.51000000","0.68270000"],["4310.50000000","2.44300000"],["4310.48000000","0.00400000"]],"asks":[["4310.82000000","10.72770000"],["4310.83000000","0.00120000"],["4310.84000000","0.00320000"],["4310.85000000","0.00120000"],["4310.86000000","0.00440000"],["4310.87000000","0.00120000"],["4310.88000000","0.00120000"],["4310.89000000","0.00120000"],["4310.90000000","0.00760000"],["4310.93000000","0.00120000"],["4310.95000000","0.61500000"],["4310.96000000","0.04640000"],["4310.98000000","0.19360000"],["4310.99000000","0.03600000"],["4311.00000000","2.05760000"],["4311.05000000","0.11600000"],["4311.09000000","0.00200000"],["4311.10000000","0.23200000"],["4311.11000000","0.07620000"],["4311.12000000","0.00240000"]]},{"timestamp":1757148749232,"lastUpdateId":59643451812,"bids":[["4310.36000000","0.74900000"],["4310.35000000","0.65930000"],["4310.30000000","0.80240000"],["4310.26000000","0.00240000"],["4310.25000000","5.91570000"],["4310.24000000","0.02570000"],["4310.23000000","0.00120000"],["4310.21000000","0.01260000"],["4310.20000000","0.84300000"],["4310.19000000","0.00120000"],["4310.15000000","5.91570000"],["4310.13000000","2.74000000"],["4310.10000000","0.14040000"],["4310.08000000","0.11620000"],["4310.07000000","4.47980000"],["4310.02000000","14.60350000"],["4310.00000000","1.09520000"],["4309.95000000","33.99110000"],["4309.94000000","1.43800000"],["4309.93000000","1.00000000"]],"asks":[["4310.37000000","11.18760000"],["4310.38000000","0.00960000"],["4310.39000000","0.39350000"],["4310.40000000","0.00120000"],["4310.42000000","0.00240000"],["4310.43000000","0.00120000"],["4310.44000000","0.00240000"],["4310.45000000","0.03100000"],["4310.46000000","0.00240000"],["4310.50000000","6.05930000"],["4310.52000000","0.11740000"],["4310.53000000","0.00920000"],["4310.54000000","0.11730000"],["4310.55000000","0.10580000"],["4310.56000000","0.02320000"],["4310.57000000","0.00180000"],["4310.58000000","0.00240000"],["4310.61000000","0.22930000"],["4310.62000000","0.54530000"],["4310.63000000","0.00570000"]]},{"timestamp":1757148749232,"lastUpdateId":59643451812,"bids":[["4310.36000000","0.74900000"],["4310.35000000","0.65930000"],["4310.30000000","3.41220000"],["4310.26000000","0.00240000"],["4310.25000000","5.91570000"],["4310.24000000","0.72190000"],["4310.23000000","0.00120000"],["4310.21000000","0.01260000"],["4310.20000000","0.84300000"],["4310.19000000","0.00120000"],["4310.15000000","5.91570000"],["4310.13000000","2.74000000"],["4310.10000000","0.14040000"],["4310.08000000","0.11620000"],["4310.07000000","4.47980000"],["4310.02000000","14.60350000"],["4310.00000000","7.00280000"],["4309.95000000","33.99110000"],["4309.94000000","1.43800000"],["4309.93000000","1.00000000"]],"asks":[["4310.37000000","11.18760000"],["4310.38000000","0.00960000"],["4310.39000000","0.39350000"],["4310.40000000","0.00120000"],["4310.42000000","0.00240000"],["4310.43000000","0.00120000"],["4310.44000000","0.00240000"],["4310.45000000","0.03100000"],["4310.46000000","0.00240000"],["4310.50000000","6.05930000"],["4310.52000000","0.11740000"],["4310.53000000","0.00920000"],["4310.54000000","0.11730000"],["4310.55000000","0.10580000"],["4310.56000000","0.02320000"],["4310.57000000","0.00180000"],["4310.58000000","0.00240000"],["4310.61000000","0.22930000"],["4310.62000000","0.54530000"],["4310.63000000","0.00570000"]]},{"timestamp":1757148749232,"lastUpdateId":59643451812,"bids":[["4310.36000000","0.74900000"],["4310.35000000","0.65930000"],["4310.30000000","1.99440000"],["4310.26000000","0.00240000"],["4310.25000000","27.01410000"],["4310.24000000","0.04770000"],["4310.23000000","0.00120000"],["4310.21000000","0.01260000"],["4310.20000000","0.84300000"],["4310.19000000","0.00120000"],["4310.15000000","5.91570000"],["4310.13000000","1.00000000"],["4310.10000000","0.11730000"],["4310.08000000","0.13940000"],["4310.07000000","1.00000000"],["4310.02000000","4.51040000"],["4310.00000000","1.04870000"],["4309.95000000","33.99110000"],["4309.94000000","1.43800000"],["4309.93000000","2.40740000"]],"asks":[["4310.37000000","11.18760000"],["4310.38000000","0.00960000"],["4310.39000000","0.39350000"],["4310.40000000","0.00120000"],["4310.42000000","0.00240000"],["4310.43000000","0.00120000"],["4310.44000000","0.00240000"],["4310.45000000","0.03100000"],["4310.46000000","0.00240000"],["4310.50000000","6.05930000"],["4310.52000000","0.11740000"],["4310.53000000","0.00920000"],["4310.54000000","0.11730000"],["4310.55000000","0.10580000"],["4310.56000000","0.02320000"],["4310.57000000","0.00180000"],["4310.58000000","0.00240000"],["4310.61000000","0.22930000"],["4310.62000000","0.54530000"],["4310.63000000","0.00570000"]]},{"timestamp":1757148749232,"lastUpdateId":59643451812,"bids":[["4310.36000000","0.77580000"],["4310.35000000","1.49470000"],["4310.30000000","0.04750000"],["4310.26000000","0.00240000"],["4310.25000000","25.02090000"],["4310.24000000","0.04890000"],["4310.23000000","0.00120000"],["4310.21000000","0.01260000"],["4310.20000000","0.84300000"],["4310.19000000","0.00120000"],["4310.15000000","5.91570000"],["4310.13000000","1.00000000"],["4310.10000000","0.11730000"],["4310.08000000","0.13940000"],["4310.07000000","5.46740000"],["4310.02000000","7.72600000"],["4310.00000000","0.04870000"],["4309.95000000","33.99110000"],["4309.94000000","1.64510000"],["4309.93000000","1.00000000"]],"asks":[["4310.37000000","11.18760000"],["4310.38000000","0.00960000"],["4310.39000000","0.39350000"],["4310.40000000","0.00120000"],["4310.42000000","0.00240000"],["4310.43000000","0.00120000"],["4310.44000000","0.00240000"],["4310.45000000","0.03100000"],["4310.46000000","0.00240000"],["4310.50000000","6.05930000"],["4310.52000000","0.11740000"],["4310.53000000","0.00920000"],["4310.54000000","0.11730000"],["4310.55000000","0.10580000"],["4310.56000000","0.02320000"],["4310.57000000","0.00180000"],["4310.58000000","0.00240000"],["4310.61000000","0.22930000"],["4310.62000000","0.54530000"],["4310.63000000","0.00570000"]]},{"timestamp":1757148749232,"lastUpdateId":59643451812,"bids":[["4310.36000000","0.76440000"],["4310.35000000","1.49470000"],["4310.30000000","0.85570000"],["4310.26000000","0.00240000"],["4310.25000000","32.81610000"],["4310.24000000","13.21230000"],["4310.23000000","0.00120000"],["4310.21000000","0.01260000"],["4310.20000000","0.84300000"],["4310.19000000","0.00120000"],["4310.15000000","11.83140000"],["4310.13000000","1.00000000"],["4310.10000000","0.96030000"],["4310.08000000","0.74250000"],["4310.07000000","6.91570000"],["4310.02000000","10.42730000"],["4310.00000000","3.50150000"],["4309.95000000","33.99110000"],["4309.94000000","0.20710000"],["4309.93000000","1.00000000"]],"asks":[["4310.37000000","11.18760000"],["4310.38000000","0.00960000"],["4310.39000000","0.39350000"],["4310.40000000","0.00120000"],["4310.42000000","0.00240000"],["4310.43000000","0.00120000"],["4310.44000000","0.00240000"],["4310.45000000","0.03100000"],["4310.46000000","0.00240000"],["4310.50000000","6.05930000"],["4310.52000000","0.11740000"],["4310.53000000","0.00920000"],["4310.54000000","0.11730000"],["4310.55000000","0.10580000"],["4310.56000000","0.02320000"],["4310.57000000","0.00180000"],["4310.58000000","0.00240000"],["4310.61000000","0.22930000"],["4310.62000000","0.54530000"],["4310.63000000","0.00570000"]]},{"timestamp":1757148749232,"lastUpdateId":59643451812,"bids":[["4310.36000000","136.22470000"],["4310.35000000","0.01260000"],["4310.30000000","0.84300000"],["4310.26000000","54.06230000"],["4310.25000000","24.35560000"],["4310.24000000","81.61380000"],["4310.23000000","1.33100000"],["4310.21000000","0.00120000"],["4310.20000000","0.84420000"],["4310.19000000","0.00120000"],["4310.15000000","5.47220000"],["4310.13000000","1.00000000"],["4310.10000000","0.84420000"],["4310.08000000","3.15120000"],["4310.07000000","5.80510000"],["4310.02000000","0.00120000"],["4310.00000000","0.84300000"],["4309.95000000","33.99110000"],["4309.94000000","6.23270000"],["4309.93000000","1.00120000"]],"asks":[["4310.37000000","1.25690000"],["4310.38000000","0.01320000"],["4310.39000000","0.37950000"],["4310.40000000","0.02440000"],["4310.42000000","0.00120000"],["4310.43000000","0.00120000"],["4310.44000000","0.00120000"],["4310.45000000","0.02820000"],["4310.46000000","0.00240000"],["4310.50000000","0.06930000"],["4310.52000000","0.11740000"],["4310.53000000","0.00120000"],["4310.54000000","0.80380000"],["4310.55000000","0.10460000"],["4310.56000000","0.02320000"],["4310.57000000","0.00180000"],["4310.58000000","0.00120000"],["4310.61000000","0.21610000"],["4310.62000000","0.00120000"],["4310.63000000","0.00570000"]]},{"timestamp":1757148719232,"lastUpdateId":59643444307,"bids":[["4309.01000000","12.76340000"],["4309.00000000","3.15740000"],["4308.99000000","0.00120000"],["4308.98000000","0.00320000"],["4308.97000000","0.00200000"],["4308.96000000","3.11360000"],["4308.95000000","0.02330000"],["4308.94000000","0.00320000"],["4308.93000000","0.00200000"],["4308.92000000","0.00120000"],["4308.91000000","0.00120000"],["4308.90000000","0.01150000"],["4308.88000000","0.11610000"],["4308.87000000","2.48150000"],["4308.86000000","0.00120000"],["4308.84000000","0.69690000"],["4308.82000000","2.83930000"],["4308.81000000","4.26320000"],["4308.80000000","0.02320000"],["4308.79000000","1.21990000"]],"asks":[["4309.02000000","8.19430000"],["4309.03000000","0.00480000"],["4309.04000000","0.00320000"],["4309.05000000","0.71320000"],["4309.06000000","0.00320000"],["4309.07000000","0.00120000"],["4309.08000000","0.00120000"],["4309.09000000","0.00240000"],["4309.10000000","0.00520000"],["4309.11000000","0.00120000"],["4309.13000000","0.00120000"],["4309.14000000","0.00120000"],["4309.18000000","0.00800000"],["4309.20000000","0.00120000"],["4309.25000000","0.48320000"],["4309.26000000","0.23200000"],["4309.31000000","0.00120000"],["4309.32000000","0.51980000"],["4309.34000000","0.01600000"],["4309.36000000","0.00240000"]]},{"timestamp":1757148719232,"lastUpdateId":59643444307,"bids":[["4309.01000000","13.11460000"],["4309.00000000","3.15740000"],["4308.99000000","0.00120000"],["4308.98000000","0.00320000"],["4308.97000000","0.00200000"],["4308.96000000","3.11360000"],["4308.95000000","6.74230000"],["4308.94000000","0.00320000"],["4308.93000000","0.00200000"],["4308.92000000","0.26700000"],["4308.91000000","0.00120000"],["4308.90000000","0.01150000"],["4308.88000000","0.11610000"],["4308.87000000","2.48150000"],["4308.86000000","0.00120000"],["4308.84000000","0.69690000"],["4308.82000000","2.83930000"],["4308.81000000","4.26320000"],["4308.80000000","0.02320000"],["4308.79000000","1.21990000"]],"asks":[["4309.02000000","8.19430000"],["4309.03000000","0.00480000"],["4309.04000000","0.00320000"],["4309.05000000","0.71320000"],["4309.06000000","0.00320000"],["4309.07000000","0.00120000"],["4309.08000000","0.00120000"],["4309.09000000","0.00240000"],["4309.10000000","0.00520000"],["4309.11000000","0.00120000"],["4309.13000000","0.00120000"],["4309.14000000","0.00120000"],["4309.18000000","0.00800000"],["4309.20000000","0.00120000"],["4309.25000000","0.48320000"],["4309.26000000","0.23200000"],["4309.31000000","0.00120000"],["4309.32000000","0.51980000"],["4309.34000000","0.01600000"],["4309.36000000","0.00240000"]]},{"timestamp":1757148719232,"lastUpdateId":59643444307,"bids":[["4309.01000000","14.17420000"],["4309.00000000","3.96990000"],["4308.99000000","0.00120000"],["4308.98000000","0.00320000"],["4308.97000000","0.00200000"],["4308.96000000","3.45240000"],["4308.95000000","0.02330000"],["4308.94000000","0.00320000"],["4308.93000000","0.00200000"],["4308.92000000","0.00120000"],["4308.91000000","0.00120000"],["4308.90000000","0.01150000"],["4308.88000000","0.11610000"],["4308.87000000","2.48150000"],["4308.86000000","0.00120000"],["4308.84000000","0.70010000"],["4308.82000000","2.83930000"],["4308.81000000","4.26320000"],["4308.80000000","0.02320000"],["4308.79000000","1.21990000"]],"asks":[["4309.02000000","8.19430000"],["4309.03000000","0.00480000"],["4309.04000000","0.00320000"],["4309.05000000","0.71320000"],["4309.06000000","0.00320000"],["4309.07000000","0.00120000"],["4309.08000000","0.00120000"],["4309.09000000","0.00240000"],["4309.10000000","0.00520000"],["4309.11000000","0.00120000"],["4309.13000000","0.00120000"],["4309.14000000","0.00120000"],["4309.18000000","0.00800000"],["4309.20000000","0.00120000"],["4309.25000000","0.48320000"],["4309.26000000","0.23200000"],["4309.31000000","0.00120000"],["4309.32000000","0.51980000"],["4309.34000000","0.01600000"],["4309.36000000","0.00240000"]]},{"timestamp":1757148719232,"lastUpdateId":59643444307,"bids":[["4309.01000000","12.76340000"],["4309.00000000","3.06740000"],["4308.99000000","0.00120000"],["4308.98000000","0.00320000"],["4308.97000000","0.00200000"],["4308.96000000","3.45240000"],["4308.95000000","5.82470000"],["4308.94000000","0.00320000"],["4308.93000000","0.00200000"],["4308.92000000","0.00120000"],["4308.91000000","0.00120000"],["4308.90000000","0.01150000"],["4308.88000000","0.11610000"],["4308.87000000","1.19400000"],["4308.86000000","0.00120000"],["4308.84000000","0.70010000"],["4308.82000000","2.83930000"],["4308.81000000","4.35600000"],["4308.80000000","0.02320000"],["4308.79000000","1.21990000"]],"asks":[["4309.02000000","8.19430000"],["4309.03000000","0.00480000"],["4309.04000000","0.00320000"],["4309.05000000","0.71320000"],["4309.06000000","0.00320000"],["4309.07000000","0.00120000"],["4309.08000000","0.00120000"],["4309.09000000","0.00240000"],["4309.10000000","0.00520000"],["4309.11000000","0.00120000"],["4309.13000000","0.00120000"],["4309.14000000","0.00120000"],["4309.18000000","0.00800000"],["4309.20000000","0.00120000"],["4309.25000000","0.48320000"],["4309.26000000","0.23200000"],["4309.31000000","0.00120000"],["4309.32000000","0.51980000"],["4309.34000000","0.01600000"],["4309.36000000","0.00240000"]]},{"timestamp":1757148719232,"lastUpdateId":59643444307,"bids":[["4309.01000000","6.84770000"],["4309.00000000","3.06740000"],["4308.99000000","0.00120000"],["4308.98000000","0.00320000"],["4308.97000000","0.00200000"],["4308.96000000","5.06430000"],["4308.95000000","0.02330000"],["4308.94000000","0.00320000"],["4308.93000000","0.00200000"],["4308.92000000","0.00240000"],["4308.91000000","0.00120000"],["4308.90000000","0.01150000"],["4308.88000000","0.44700000"],["4308.87000000","1.47140000"],["4308.86000000","0.00120000"],["4308.84000000","0.02750000"],["4308.82000000","2.83930000"],["4308.81000000","1.54740000"],["4308.80000000","0.02320000"],["4308.79000000","1.21990000"]],"asks":[["4309.02000000","8.19430000"],["4309.03000000","0.00480000"],["4309.04000000","0.00320000"],["4309.05000000","0.71320000"],["4309.06000000","0.00320000"],["4309.07000000","0.00120000"],["4309.08000000","0.00120000"],["4309.09000000","0.00240000"],["4309.10000000","0.00520000"],["4309.11000000","0.00120000"],["4309.13000000","0.00120000"],["4309.14000000","0.00120000"],["4309.18000000","0.00800000"],["4309.20000000","0.00120000"],["4309.25000000","0.48320000"],["4309.26000000","0.23200000"],["4309.31000000","0.00120000"],["4309.32000000","0.51980000"],["4309.34000000","0.01600000"],["4309.36000000","0.00240000"]]},{"timestamp":1757148719232,"lastUpdateId":59643444307,"bids":[["4309.01000000","4.23200000"],["4309.00000000","1.75480000"],["4308.99000000","0.00120000"],["4308.98000000","0.00320000"],["4308.97000000","0.00200000"],["4308.96000000","5.06430000"],["4308.95000000","0.03490000"],["4308.94000000","0.00320000"],["4308.93000000","0.00200000"],["4308.92000000","6.49430000"],["4308.91000000","0.00120000"],["4308.90000000","0.01150000"],["4308.88000000","0.11610000"],["4308.87000000","0.03060000"],["4308.86000000","0.00120000"],["4308.84000000","0.02750000"],["4308.82000000","1.66590000"],["4308.81000000","0.14680000"],["4308.80000000","0.02320000"],["4308.79000000","0.04650000"]],"asks":[["4309.02000000","8.19430000"],["4309.03000000","0.00480000"],["4309.04000000","0.00320000"],["4309.05000000","0.71320000"],["4309.06000000","0.00320000"],["4309.07000000","0.00120000"],["4309.08000000","0.00120000"],["4309.09000000","0.00240000"],["4309.10000000","0.00520000"],["4309.11000000","0.00120000"],["4309.13000000","0.00120000"],["4309.14000000","0.00120000"],["4309.18000000","0.00800000"],["4309.20000000","0.00120000"],["4309.25000000","0.48320000"],["4309.26000000","0.23200000"],["4309.31000000","0.00120000"],["4309.32000000","0.51980000"],["4309.34000000","0.01600000"],["4309.36000000","0.00240000"]]},{"timestamp":1757148719232,"lastUpdateId":59643444307,"bids":[["4309.01000000","138.60790000"],["4309.00000000","3.11350000"],["4308.99000000","2.45390000"],["4308.98000000","0.00320000"],["4308.97000000","0.00120000"],["4308.96000000","0.02640000"],["4308.95000000","0.02570000"],["4308.94000000","0.00320000"],["4308.93000000","0.00120000"],["4308.92000000","0.00360000"],["4308.91000000","0.00120000"],["4308.90000000","0.84700000"],["4308.88000000","0.11730000"],["4308.87000000","0.03060000"],["4308.86000000","0.00120000"],["4308.84000000","0.02870000"],["4308.82000000","0.11380000"],["4308.81000000","0.11610000"],["4308.80000000","1.56390000"],["4308.79000000","0.04770000"]],"asks":[["4309.02000000","11.06710000"],["4309.03000000","0.00600000"],["4309.04000000","0.00320000"],["4309.05000000","0.71320000"],["4309.06000000","0.00320000"],["4309.07000000","0.00120000"],["4309.08000000","0.00120000"],["4309.09000000","0.00240000"],["4309.10000000","0.00520000"],["4309.11000000","0.00120000"],["4309.13000000","0.00120000"],["4309.14000000","0.00120000"],["4309.18000000","0.00800000"],["4309.20000000","0.00120000"],["4309.25000000","0.48320000"],["4309.26000000","0.23200000"],["4309.31000000","0.00120000"],["4309.32000000","0.51980000"],["4309.34000000","0.01600000"],["4309.36000000","0.00240000"]]},{"timestamp":1757148689231,"lastUpdateId":59643438520,"bids":[["4309.44000000","6.81880000"],["4309.43000000","0.93080000"],["4309.42000000","0.01500000"],["4309.41000000","0.00120000"],["4309.40000000","0.00560000"],["4309.38000000","0.00440000"],["4309.37000000","0.00120000"],["4309.36000000","0.00560000"],["4309.35000000","0.00120000"],["4309.34000000","0.00120000"],["4309.32000000","0.00400000"],["4309.27000000","0.00120000"],["4309.24000000","0.01390000"],["4309.20000000","0.00270000"],["4309.18000000","0.23200000"],["4309.14000000","0.00240000"],["4309.13000000","0.06820000"],["4309.12000000","0.02440000"],["4309.11000000","2.60540000"],["4309.10000000","0.00120000"]],"asks":[["4309.45000000","17.94430000"],["4309.46000000","0.02360000"],["4309.47000000","0.00520000"],["4309.48000000","0.00120000"],["4309.49000000","9.18410000"],["4309.50000000","0.04760000"],["4309.51000000","0.00120000"],["4309.52000000","0.00240000"],["4309.53000000","0.00400000"],["4309.54000000","0.00120000"],["4309.56000000","20.86950000"],["4309.57000000","0.37190000"],["4309.58000000","0.00240000"],["4309.60000000","0.02320000"],["4309.61000000","0.40000000"],["4309.62000000","0.68060000"],["4309.64000000","0.58090000"],["4309.65000000","0.06970000"],["4309.66000000","0.04770000"],["4309.68000000","0.11610000"]]},{"timestamp":1757148689231,"lastUpdateId":59643438520,"bids":[["4309.44000000","6.81880000"],["4309.43000000","0.93080000"],["4309.42000000","0.01500000"],["4309.41000000","0.00120000"],["4309.40000000","0.00560000"],["4309.38000000","0.00440000"],["4309.37000000","0.00120000"],["4309.36000000","0.00560000"],["4309.35000000","0.00120000"],["4309.34000000","0.00120000"],["4309.32000000","0.00400000"],["4309.27000000","0.00120000"],["4309.24000000","0.01390000"],["4309.20000000","0.00270000"],["4309.18000000","0.23200000"],["4309.14000000","0.00240000"],["4309.13000000","0.06820000"],["4309.12000000","0.02440000"],["4309.11000000","2.60540000"],["4309.10000000","0.00120000"]],"asks":[["4309.45000000","17.94430000"],["4309.46000000","0.02360000"],["4309.47000000","0.00520000"],["4309.48000000","0.00120000"],["4309.49000000","9.18410000"],["4309.50000000","0.04760000"],["4309.51000000","0.00120000"],["4309.52000000","0.00240000"],["4309.53000000","0.00400000"],["4309.54000000","0.00120000"],["4309.56000000","20.86950000"],["4309.57000000","0.37190000"],["4309.58000000","0.00240000"],["4309.60000000","0.02320000"],["4309.61000000","0.40000000"],["4309.62000000","0.68060000"],["4309.64000000","0.58090000"],["4309.65000000","0.06970000"],["4309.66000000","0.04770000"],["4309.68000000","0.11610000"]]},{"timestamp":1757148689231,"lastUpdateId":59643438520,"bids":[["4309.44000000","6.81880000"],["4309.43000000","0.93080000"],["4309.42000000","0.01500000"],["4309.41000000","0.00120000"],["4309.40000000","0.00560000"],["4309.38000000","0.00440000"],["4309.37000000","0.00120000"],["4309.36000000","0.00560000"],["4309.35000000","0.00120000"],["4309.34000000","0.00120000"],["4309.32000000","0.00400000"],["4309.27000000","0.00120000"],["4309.24000000","0.01390000"],["4309.20000000","0.00270000"],["4309.18000000","0.23200000"],["4309.14000000","0.00240000"],["4309.13000000","0.06820000"],["4309.12000000","0.02440000"],["4309.11000000","2.60540000"],["4309.10000000","0.00120000"]],"asks":[["4309.45000000","17.94430000"],["4309.46000000","0.02360000"],["4309.47000000","0.00520000"],["4309.48000000","0.00120000"],["4309.49000000","9.18410000"],["4309.50000000","0.04760000"],["4309.51000000","0.00120000"],["4309.52000000","0.00240000"],["4309.53000000","0.00400000"],["4309.54000000","0.00120000"],["4309.56000000","20.86950000"],["4309.57000000","0.37190000"],["4309.58000000","0.00240000"],["4309.60000000","0.02320000"],["4309.61000000","0.40000000"],["4309.62000000","0.68060000"],["4309.64000000","0.58090000"],["4309.65000000","0.06970000"],["4309.66000000","0.04770000"],["4309.68000000","0.11610000"]]},{"timestamp":1757148689231,"lastUpdateId":59643438520,"bids":[["4309.44000000","6.81880000"],["4309.43000000","0.93080000"],["4309.42000000","0.01500000"],["4309.41000000","0.00120000"],["4309.40000000","0.00560000"],["4309.38000000","0.00440000"],["4309.37000000","0.00120000"],["4309.36000000","0.00560000"],["4309.35000000","0.00120000"],["4309.34000000","0.00120000"],["4309.32000000","0.00400000"],["4309.27000000","0.00120000"],["4309.24000000","0.01390000"],["4309.20000000","0.00270000"],["4309.18000000","0.23200000"],["4309.14000000","0.00240000"],["4309.13000000","0.06820000"],["4309.12000000","0.02440000"],["4309.11000000","2.60540000"],["4309.10000000","0.00120000"]],"asks":[["4309.45000000","17.94430000"],["4309.46000000","0.02360000"],["4309.47000000","0.00520000"],["4309.48000000","0.00120000"],["4309.49000000","9.18410000"],["4309.50000000","0.04760000"],["4309.51000000","0.00120000"],["4309.52000000","0.00240000"],["4309.53000000","0.00400000"],["4309.54000000","0.00120000"],["4309.56000000","20.86950000"],["4309.57000000","0.37190000"],["4309.58000000","0.00240000"],["4309.60000000","0.02320000"],["4309.61000000","0.40000000"],["4309.62000000","0.68060000"],["4309.64000000","0.58090000"],["4309.65000000","0.06970000"],["4309.66000000","0.04770000"],["4309.68000000","0.11610000"]]},{"timestamp":1757148689231,"lastUpdateId":59643438520,"bids":[["4309.44000000","6.81880000"],["4309.43000000","0.93080000"],["4309.42000000","0.01500000"],["4309.41000000","0.00120000"],["4309.40000000","0.00560000"],["4309.38000000","0.00440000"],["4309.37000000","0.00120000"],["4309.36000000","0.00560000"],["4309.35000000","0.00120000"],["4309.34000000","0.00120000"],["4309.32000000","0.00400000"],["4309.27000000","0.00120000"],["4309.24000000","0.01390000"],["4309.20000000","0.00270000"],["4309.18000000","0.23200000"],["4309.14000000","0.00240000"],["4309.13000000","0.06820000"],["4309.12000000","0.02440000"],["4309.11000000","2.60540000"],["4309.10000000","0.00120000"]],"asks":[["4309.45000000","17.94430000"],["4309.46000000","0.02360000"],["4309.47000000","0.00520000"],["4309.48000000","0.00120000"],["4309.49000000","9.18410000"],["4309.50000000","0.04760000"],["4309.51000000","0.00120000"],["4309.52000000","0.00240000"],["4309.53000000","0.00400000"],["4309.54000000","0.00120000"],["4309.56000000","20.86950000"],["4309.57000000","0.37190000"],["4309.58000000","0.00240000"],["4309.60000000","0.02320000"],["4309.61000000","0.40000000"],["4309.62000000","0.68060000"],["4309.64000000","0.58090000"],["4309.65000000","0.06970000"],["4309.66000000","0.04770000"],["4309.68000000","0.11610000"]]},{"timestamp":1757148689231,"lastUpdateId":59643438520,"bids":[["4309.44000000","6.81880000"],["4309.43000000","0.93080000"],["4309.42000000","0.01500000"],["4309.41000000","0.00120000"],["4309.40000000","0.00560000"],["4309.38000000","0.00440000"],["4309.37000000","0.00120000"],["4309.36000000","0.00560000"],["4309.35000000","0.00120000"],["4309.34000000","0.00120000"],["4309.32000000","0.00400000"],["4309.27000000","0.00120000"],["4309.24000000","0.01390000"],["4309.20000000","0.00270000"],["4309.18000000","0.23200000"],["4309.14000000","0.00240000"],["4309.13000000","0.06820000"],["4309.12000000","0.02440000"],["4309.11000000","2.60540000"],["4309.10000000","0.00120000"]],"asks":[["4309.45000000","17.94430000"],["4309.46000000","0.02360000"],["4309.47000000","0.00520000"],["4309.48000000","0.00120000"],["4309.49000000","9.18410000"],["4309.50000000","0.04760000"],["4309.51000000","0.00120000"],["4309.52000000","0.00240000"],["4309.53000000","0.00400000"],["4309.54000000","0.00120000"],["4309.56000000","20.86950000"],["4309.57000000","0.37190000"],["4309.58000000","0.00240000"],["4309.60000000","0.02320000"],["4309.61000000","0.40000000"],["4309.62000000","0.68060000"],["4309.64000000","0.58090000"],["4309.65000000","0.06970000"],["4309.66000000","0.04770000"],["4309.68000000","0.11610000"]]},{"timestamp":1757148689231,"lastUpdateId":59643438520,"bids":[["4309.44000000","6.81880000"],["4309.43000000","0.93080000"],["4309.42000000","0.01500000"],["4309.41000000","0.00120000"],["4309.40000000","0.00560000"],["4309.38000000","0.00440000"],["4309.37000000","0.00120000"],["4309.36000000","0.00560000"],["4309.35000000","0.00120000"],["4309.34000000","0.00120000"],["4309.32000000","0.00400000"],["4309.27000000","0.00120000"],["4309.24000000","0.01390000"],["4309.20000000","0.00270000"],["4309.18000000","0.23200000"],["4309.14000000","0.00240000"],["4309.13000000","0.06820000"],["4309.12000000","0.02440000"],["4309.11000000","2.60540000"],["4309.10000000","0.00120000"]],"asks":[["4309.45000000","1.28850000"],["4309.46000000","0.01400000"],["4309.47000000","0.06900000"],["4309.48000000","0.00120000"],["4309.49000000","9.18410000"],["4309.50000000","0.04640000"],["4309.51000000","0.00120000"],["4309.52000000","0.00240000"],["4309.53000000","0.00400000"],["4309.54000000","0.00240000"],["4309.56000000","20.86950000"],["4309.57000000","0.37190000"],["4309.58000000","13.59510000"],["4309.60000000","0.02320000"],["4309.61000000","0.40000000"],["4309.62000000","0.68060000"],["4309.64000000","0.58090000"],["4309.65000000","0.06970000"],["4309.66000000","12.50460000"],["4309.68000000","0.11610000"]]},{"timestamp":1757148689231,"lastUpdateId":59643438520,"bids":[["4309.44000000","8.77520000"],["4309.43000000","0.93320000"],["4309.42000000","0.01380000"],["4309.41000000","0.00120000"],["4309.40000000","0.50070000"],["4309.38000000","0.00560000"],["4309.37000000","4.19520000"],["4309.36000000","0.00680000"],["4309.35000000","0.00120000"],["4309.34000000","0.00120000"],["4309.32000000","0.00400000"],["4309.27000000","0.00120000"],["4309.24000000","0.01390000"],["4309.20000000","0.84570000"],["4309.18000000","0.23200000"],["4309.14000000","0.00240000"],["4309.13000000","0.06820000"],["4309.12000000","0.02320000"],["4309.11000000","2.60540000"],["4309.10000000","0.00120000"]],"asks":[["4309.45000000","55.39060000"],["4309.46000000","2.06840000"],["4309.47000000","0.71720000"],["4309.48000000","0.00120000"],["4309.49000000","0.00320000"],["4309.50000000","1.59060000"],["4309.51000000","0.00120000"],["4309.52000000","0.00240000"],["4309.53000000","0.00520000"],["4309.54000000","0.00120000"],["4309.56000000","0.00120000"],["4309.57000000","3.01520000"],["4309.58000000","11.27140000"],["4309.60000000","0.86620000"],["4309.61000000","0.00800000"],["4309.62000000","5.91570000"],["4309.64000000","0.58090000"],["4309.65000000","0.06970000"],["4309.66000000","0.62960000"],["4309.68000000","5.91650000"]]},{"timestamp":1757148659231,"lastUpdateId":59643435560,"bids":[["4309.44000000","6.81880000"],["4309.43000000","0.93080000"],["4309.42000000","0.01500000"],["4309.41000000","0.00120000"],["4309.40000000","0.00560000"],["4309.37000000","0.00120000"],["4309.36000000","0.00560000"],["4309.35000000","0.00120000"],["4309.33000000","0.00120000"],["4309.30000000","0.00120000"],["4309.28000000","0.52320000"],["4309.27000000","0.00120000"],["4309.26000000","0.00850000"],["4309.22000000","0.00700000"],["4309.20000000","0.00270000"],["4309.18000000","0.23200000"],["4309.16000000","0.00120000"],["4309.15000000","5.80110000"],["4309.14000000","0.00240000"],["4309.13000000","0.06820000"]],"asks":[["4309.45000000","17.94430000"],["4309.46000000","0.02360000"],["4309.47000000","0.00520000"],["4309.48000000","0.00120000"],["4309.49000000","9.18410000"],["4309.50000000","0.04760000"],["4309.51000000","0.00120000"],["4309.52000000","0.00240000"],["4309.53000000","0.00400000"],["4309.54000000","0.00120000"],["4309.56000000","20.86950000"],["4309.58000000","0.00240000"],["4309.59000000","0.55790000"],["4309.61000000","0.40000000"],["4309.64000000","0.58090000"],["4309.65000000","0.06970000"],["4309.66000000","0.04770000"],["4309.68000000","0.11610000"],["4309.69000000","0.10460000"],["4309.71000000","0.00180000"]]},{"timestamp":1757148659231,"lastUpdateId":59643435560,"bids":[["4309.44000000","6.81880000"],["4309.43000000","0.93080000"],["4309.42000000","0.01500000"],["4309.41000000","0.00120000"],["4309.40000000","0.00560000"],["4309.37000000","0.00120000"],["4309.36000000","0.00560000"],["4309.35000000","0.00120000"],["4309.33000000","0.00120000"],["4309.30000000","0.00120000"],["4309.28000000","0.52320000"],["4309.27000000","0.00120000"],["4309.26000000","0.00850000"],["4309.22000000","0.00700000"],["4309.20000000","0.00270000"],["4309.18000000","0.23200000"],["4309.16000000","0.00120000"],["4309.15000000","5.80110000"],["4309.14000000","0.00240000"],["4309.13000000","0.06820000"]],"asks":[["4309.45000000","17.94430000"],["4309.46000000","0.02360000"],["4309.47000000","0.00520000"],["4309.48000000","0.00120000"],["4309.49000000","9.18410000"],["4309.50000000","0.04760000"],["4309.51000000","0.00120000"],["4309.52000000","0.00240000"],["4309.53000000","0.00400000"],["4309.54000000","0.00120000"],["4309.56000000","20.86950000"],["4309.58000000","0.00240000"],["4309.59000000","0.55790000"],["4309.61000000","0.40000000"],["4309.64000000","0.58090000"],["4309.65000000","0.06970000"],["4309.66000000","0.04770000"],["4309.68000000","0.11610000"],["4309.69000000","0.10460000"],["4309.71000000","0.00180000"]]},{"timestamp":1757148659231,"lastUpdateId":59643435560,"bids":[["4309.44000000","6.81880000"],["4309.43000000","0.93080000"],["4309.42000000","0.01500000"],["4309.41000000","0.00120000"],["4309.40000000","0.00560000"],["4309.37000000","0.00120000"],["4309.36000000","0.00560000"],["4309.35000000","0.00120000"],["4309.33000000","0.00120000"],["4309.30000000","0.00120000"],["4309.28000000","0.52320000"],["4309.27000000","0.00120000"],["4309.26000000","0.00850000"],["4309.22000000","0.00700000"],["4309.20000000","0.00270000"],["4309.18000000","0.23200000"],["4309.16000000","0.00120000"],["4309.15000000","5.80110000"],["4309.14000000","0.00240000"],["4309.13000000","0.06820000"]],"asks":[["4309.45000000","17.94430000"],["4309.46000000","0.02360000"],["4309.47000000","0.00520000"],["4309.48000000","0.00120000"],["4309.49000000","9.18410000"],["4309.50000000","0.04760000"],["4309.51000000","0.00120000"],["4309.52000000","0.00240000"],["4309.53000000","0.00400000"],["4309.54000000","0.00120000"],["4309.56000000","20.86950000"],["4309.58000000","0.00240000"],["4309.59000000","0.55790000"],["4309.61000000","0.40000000"],["4309.64000000","0.58090000"],["4309.65000000","0.06970000"],["4309.66000000","0.04770000"],["4309.68000000","0.11610000"],["4309.69000000","0.10460000"],["4309.71000000","0.00180000"]]},{"timestamp":1757148659231,"lastUpdateId":59643435560,"bids":[["4309.44000000","6.81880000"],["4309.43000000","0.93080000"],["4309.42000000","0.01500000"],["4309.41000000","0.00120000"],["4309.40000000","0.00560000"],["4309.37000000","0.00120000"],["4309.36000000","0.00560000"],["4309.35000000","0.00120000"],["4309.33000000","0.00120000"],["4309.30000000","0.00120000"],["4309.28000000","0.52320000"],["4309.27000000","0.00120000"],["4309.26000000","0.00850000"],["4309.22000000","0.00700000"],["4309.20000000","0.00270000"],["4309.18000000","0.23200000"],["4309.16000000","0.00120000"],["4309.15000000","5.80110000"],["4309.14000000","0.00240000"],["4309.13000000","0.06820000"]],"asks":[["4309.45000000","17.94430000"],["4309.46000000","0.02360000"],["4309.47000000","0.00520000"],["4309.48000000","0.00120000"],["4309.49000000","9.18410000"],["4309.50000000","0.04760000"],["4309.51000000","0.00120000"],["4309.52000000","0.00240000"],["4309.53000000","0.00400000"],["4309.54000000","0.00120000"],["4309.56000000","20.86950000"],["4309.58000000","0.00240000"],["4309.59000000","0.55790000"],["4309.61000000","0.40000000"],["4309.64000000","0.58090000"],["4309.65000000","0.06970000"],["4309.66000000","0.04770000"],["4309.68000000","0.11610000"],["4309.69000000","0.10460000"],["4309.71000000","0.00180000"]]},{"timestamp":1757148659231,"lastUpdateId":59643435560,"bids":[["4309.44000000","6.81880000"],["4309.43000000","0.93080000"],["4309.42000000","0.01500000"],["4309.41000000","0.00120000"],["4309.40000000","0.00560000"],["4309.37000000","0.00120000"],["4309.36000000","0.00560000"],["4309.35000000","0.00120000"],["4309.33000000","0.00120000"],["4309.30000000","0.00120000"],["4309.28000000","0.52320000"],["4309.27000000","0.00120000"],["4309.26000000","0.00850000"],["4309.22000000","0.00700000"],["4309.20000000","0.00270000"],["4309.18000000","0.23200000"],["4309.16000000","0.00120000"],["4309.15000000","5.80110000"],["4309.14000000","0.00240000"],["4309.13000000","0.06820000"]],"asks":[["4309.45000000","17.94430000"],["4309.46000000","0.02360000"],["4309.47000000","0.00520000"],["4309.48000000","0.00120000"],["4309.49000000","9.18410000"],["4309.50000000","0.04760000"],["4309.51000000","0.00120000"],["4309.52000000","0.00240000"],["4309.53000000","0.00400000"],["4309.54000000","0.00120000"],["4309.56000000","20.86950000"],["4309.58000000","0.00240000"],["4309.59000000","0.55790000"],["4309.61000000","0.40000000"],["4309.64000000","0.58090000"],["4309.65000000","0.06970000"],["4309.66000000","0.04770000"],["4309.68000000","0.11610000"],["4309.69000000","0.10460000"],["4309.71000000","0.00180000"]]},{"timestamp":1757148659231,"lastUpdateId":59643435560,"bids":[["4309.44000000","6.81880000"],["4309.43000000","0.93080000"],["4309.42000000","0.01500000"],["4309.41000000","0.00120000"],["4309.40000000","0.00560000"],["4309.37000000","0.00120000"],["4309.36000000","0.00560000"],["4309.35000000","0.00120000"],["4309.33000000","0.00120000"],["4309.30000000","0.00120000"],["4309.28000000","0.52320000"],["4309.27000000","0.00120000"],["4309.26000000","0.00850000"],["4309.22000000","0.00700000"],["4309.20000000","0.00270000"],["4309.18000000","0.23200000"],["4309.16000000","0.00120000"],["4309.15000000","5.80110000"],["4309.14000000","0.00240000"],["4309.13000000","0.06820000"]],"asks":[["4309.45000000","17.94430000"],["4309.46000000","0.02360000"],["4309.47000000","0.00520000"],["4309.48000000","0.00120000"],["4309.49000000","9.18410000"],["4309.50000000","0.04760000"],["4309.51000000","0.00120000"],["4309.52000000","0.00240000"],["4309.53000000","0.00400000"],["4309.54000000","0.00120000"],["4309.56000000","20.86950000"],["4309.58000000","0.00240000"],["4309.59000000","0.55790000"],["4309.61000000","0.40000000"],["4309.64000000","0.58090000"],["4309.65000000","0.06970000"],["4309.66000000","0.04770000"],["4309.68000000","0.11610000"],["4309.69000000","0.10460000"],["4309.71000000","0.00180000"]]},{"timestamp":1757148659231,"lastUpdateId":59643435560,"bids":[["4309.44000000","6.81880000"],["4309.43000000","0.93080000"],["4309.42000000","0.01500000"],["4309.41000000","0.00120000"],["4309.40000000","0.00560000"],["4309.37000000","0.00120000"],["4309.36000000","0.00560000"],["4309.35000000","0.00120000"],["4309.33000000","0.00120000"],["4309.30000000","0.00120000"],["4309.28000000","0.52320000"],["4309.27000000","0.00120000"],["4309.26000000","0.00850000"],["4309.22000000","0.00700000"],["4309.20000000","0.00270000"],["4309.18000000","0.23200000"],["4309.16000000","0.00120000"],["4309.15000000","5.80110000"],["4309.14000000","0.00240000"],["4309.13000000","0.06820000"]],"asks":[["4309.45000000","1.28850000"],["4309.46000000","0.01400000"],["4309.47000000","0.06900000"],["4309.48000000","0.00120000"],["4309.49000000","9.18410000"],["4309.50000000","0.04640000"],["4309.51000000","0.00120000"],["4309.52000000","0.00240000"],["4309.53000000","0.00400000"],["4309.54000000","0.00240000"],["4309.56000000","20.86950000"],["4309.58000000","13.59510000"],["4309.59000000","0.55790000"],["4309.61000000","0.40000000"],["4309.64000000","0.58090000"],["4309.65000000","0.06970000"],["4309.66000000","12.50460000"],["4309.68000000","0.11610000"],["4309.69000000","0.10460000"],["4309.71000000","24.35020000"]]},{"timestamp":1757148659231,"lastUpdateId":59643435560,"bids":[["4309.44000000","8.77520000"],["4309.43000000","0.93320000"],["4309.42000000","0.01380000"],["4309.41000000","0.00120000"],["4309.40000000","0.50070000"],["4309.37000000","4.19520000"],["4309.36000000","0.00680000"],["4309.35000000","0.00120000"],["4309.33000000","0.00120000"],["4309.30000000","0.00120000"],["4309.28000000","0.52320000"],["4309.27000000","0.00120000"],["4309.26000000","0.00850000"],["4309.22000000","0.00700000"],["4309.20000000","0.84570000"],["4309.18000000","0.23200000"],["4309.16000000","0.00120000"],["4309.15000000","5.80110000"],["4309.14000000","0.00240000"],["4309.13000000","0.06820000"]],"asks":[["4309.45000000","55.39060000"],["4309.46000000","2.06840000"],["4309.47000000","0.71720000"],["4309.48000000","0.00120000"],["4309.49000000","0.00320000"],["4309.50000000","1.59060000"],["4309.51000000","0.00120000"],["4309.52000000","0.00240000"],["4309.53000000","0.00520000"],["4309.54000000","0.00120000"],["4309.56000000","0.00120000"],["4309.58000000","11.27140000"],["4309.59000000","0.55790000"],["4309.61000000","0.00800000"],["4309.64000000","0.58090000"],["4309.65000000","0.06970000"],["4309.66000000","0.62960000"],["4309.68000000","5.91650000"],["4309.69000000","0.10460000"],["4309.71000000","0.00180000"]]},{"timestamp":1757148659231,"lastUpdateId":59643435560,"bids":[["4309.44000000","90.48050000"],["4309.43000000","0.92510000"],["4309.42000000","0.01500000"],["4309.41000000","4.39280000"],["4309.40000000","6.51800000"],["4309.37000000","0.00120000"],["4309.36000000","0.00240000"],["4309.35000000","0.40120000"],["4309.33000000","0.00120000"],["4309.30000000","3.30580000"],["4309.28000000","0.52320000"],["4309.27000000","0.00120000"],["4309.26000000","0.00850000"],["4309.22000000","0.00200000"],["4309.20000000","0.84620000"],["4309.18000000","0.00200000"],["4309.16000000","0.00120000"],["4309.15000000","5.80110000"],["4309.14000000","0.01910000"],["4309.13000000","0.62610000"]],"asks":[["4309.45000000","10.82650000"],["4309.46000000","0.01760000"],["4309.47000000","0.71720000"],["4309.48000000","0.00120000"],["4309.49000000","0.00320000"],["4309.50000000","0.75960000"],["4309.51000000","0.00120000"],["4309.52000000","0.00360000"],["4309.53000000","0.15900000"],["4309.54000000","0.00120000"],["4309.56000000","0.00120000"],["4309.58000000","0.00240000"],["4309.59000000","0.55790000"],["4309.61000000","0.00800000"],["4309.64000000","0.58090000"],["4309.65000000","0.06970000"],["4309.66000000","0.62960000"],["4309.68000000","0.11610000"],["4309.69000000","0.10460000"],["4309.71000000","0.00180000"]]},{"timestamp":1757148629232,"lastUpdateId":59643429903,"bids":[["4308.89000000","0.00230000"],["4308.88000000","0.11610000"],["4308.87000000","2.48150000"],["4308.85000000","5.91570000"],["4308.84000000","0.69690000"],["4308.83000000","1.07230000"],["4308.82000000","2.83930000"],["4308.81000000","4.26320000"],["4308.80000000","0.84300000"],["4308.79000000","1.21990000"],["4308.78000000","1.38210000"],["4308.77000000","0.54040000"],["4308.76000000","0.00180000"],["4308.74000000","0.00120000"],["4308.73000000","0.00800000"],["4308.72000000","0.01510000"],["4308.71000000","1.20200000"],["4308.70000000","2.00000000"],["4308.69000000","0.00240000"],["4308.68000000","0.06820000"]],"asks":[["4308.90000000","21.58080000"],["4308.91000000","0.01500000"],["4308.92000000","0.00440000"],["4308.94000000","0.00320000"],["4308.96000000","0.00120000"],["4308.97000000","0.00120000"],["4308.98000000","0.00520000"],["4308.99000000","0.00240000"],["4309.00000000","0.00240000"],["4309.01000000","0.57830000"],["4309.02000000","0.00400000"],["4309.09000000","0.00120000"],["4309.10000000","0.85450000"],["4309.13000000","8.02710000"],["4309.14000000","0.00120000"],["4309.16000000","0.02310000"],["4309.20000000","0.70120000"],["4309.23000000","1.08810000"],["4309.26000000","0.70500000"],["4309.27000000","8.02620000"]]},{"timestamp":1757148629232,"lastUpdateId":59643429903,"bids":[["4308.89000000","0.00230000"],["4308.88000000","0.11610000"],["4308.87000000","2.48150000"],["4308.85000000","5.91570000"],["4308.84000000","0.69690000"],["4308.83000000","1.07230000"],["4308.82000000","2.83930000"],["4308.81000000","4.26320000"],["4308.80000000","0.84300000"],["4308.79000000","1.21990000"],["4308.78000000","1.25410000"],["4308.77000000","0.54040000"],["4308.76000000","0.00180000"],["4308.74000000","0.00120000"],["4308.73000000","0.00800000"],["4308.72000000","0.01510000"],["4308.71000000","1.20200000"],["4308.70000000","2.00000000"],["4308.69000000","0.00240000"],["4308.68000000","0.06820000"]],"asks":[["4308.90000000","21.58080000"],["4308.91000000","0.01500000"],["4308.92000000","0.00440000"],["4308.94000000","0.00320000"],["4308.96000000","0.00120000"],["4308.97000000","0.00120000"],["4308.98000000","0.00520000"],["4308.99000000","0.00240000"],["4309.00000000","0.00240000"],["4309.01000000","0.57830000"],["4309.02000000","0.00400000"],["4309.09000000","0.00120000"],["4309.10000000","0.85450000"],["4309.13000000","8.02710000"],["4309.14000000","0.00120000"],["4309.16000000","0.02310000"],["4309.20000000","0.70120000"],["4309.23000000","1.08810000"],["4309.26000000","0.70500000"],["4309.27000000","8.02620000"]]},{"timestamp":1757148629232,"lastUpdateId":59643429903,"bids":[["4308.89000000","0.00230000"],["4308.88000000","0.11610000"],["4308.87000000","2.48150000"],["4308.85000000","5.91570000"],["4308.84000000","0.70010000"],["4308.83000000","1.07230000"],["4308.82000000","2.83930000"],["4308.81000000","4.26320000"],["4308.80000000","0.84300000"],["4308.79000000","1.21990000"],["4308.78000000","1.25410000"],["4308.77000000","0.54040000"],["4308.76000000","0.00180000"],["4308.74000000","0.00120000"],["4308.73000000","0.00800000"],["4308.72000000","0.01510000"],["4308.71000000","1.20200000"],["4308.70000000","2.00000000"],["4308.69000000","0.00240000"],["4308.68000000","0.06820000"]],"asks":[["4308.90000000","21.58080000"],["4308.91000000","0.01500000"],["4308.92000000","0.00440000"],["4308.94000000","0.00320000"],["4308.96000000","0.00120000"],["4308.97000000","0.00120000"],["4308.98000000","0.00520000"],["4308.99000000","0.00240000"],["4309.00000000","0.00240000"],["4309.01000000","0.57830000"],["4309.02000000","0.00400000"],["4309.09000000","0.00120000"],["4309.10000000","0.85450000"],["4309.13000000","8.02710000"],["4309.14000000","0.00120000"],["4309.16000000","0.02310000"],["4309.20000000","0.70120000"],["4309.23000000","1.08810000"],["4309.26000000","0.70500000"],["4309.27000000","8.02620000"]]},{"timestamp":1757148629232,"lastUpdateId":59643429903,"bids":[["4308.89000000","0.00230000"],["4308.88000000","0.11610000"],["4308.87000000","1.19400000"],["4308.85000000","5.91570000"],["4308.84000000","0.70010000"],["4308.83000000","1.07230000"],["4308.82000000","2.83930000"],["4308.81000000","4.35600000"],["4308.80000000","0.84300000"],["4308.79000000","1.21990000"],["4308.78000000","1.25410000"],["4308.77000000","0.54040000"],["4308.76000000","0.00180000"],["4308.74000000","0.00120000"],["4308.73000000","0.00800000"],["4308.72000000","0.01510000"],["4308.71000000","1.20200000"],["4308.70000000","1.99830000"],["4308.69000000","0.00240000"],["4308.68000000","0.06820000"]],"asks":[["4308.90000000","21.58080000"],["4308.91000000","0.01500000"],["4308.92000000","0.00440000"],["4308.94000000","0.00320000"],["4308.96000000","0.00120000"],["4308.97000000","0.00120000"],["4308.98000000","0.00520000"],["4308.99000000","0.00240000"],["4309.00000000","0.00240000"],["4309.01000000","0.57830000"],["4309.02000000","0.00400000"],["4309.09000000","0.00120000"],["4309.10000000","0.85450000"],["4309.13000000","8.02710000"],["4309.14000000","0.00120000"],["4309.16000000","0.02310000"],["4309.20000000","0.70120000"],["4309.23000000","1.08810000"],["4309.26000000","0.70500000"],["4309.27000000","8.02620000"]]},{"timestamp":1757148629232,"lastUpdateId":59643429903,"bids":[["4308.89000000","0.00230000"],["4308.88000000","0.44700000"],["4308.87000000","1.47140000"],["4308.85000000","5.91570000"],["4308.84000000","0.02750000"],["4308.83000000","1.07230000"],["4308.82000000","2.83930000"],["4308.81000000","1.54740000"],["4308.80000000","0.84300000"],["4308.79000000","1.21990000"],["4308.78000000","1.25410000"],["4308.77000000","0.54040000"],["4308.76000000","0.00180000"],["4308.74000000","0.00120000"],["4308.73000000","0.00800000"],["4308.72000000","0.01510000"],["4308.71000000","1.20200000"],["4308.70000000","5.47930000"],["4308.69000000","0.00240000"],["4308.68000000","0.06820000"]],"asks":[["4308.90000000","21.58080000"],["4308.91000000","0.01500000"],["4308.92000000","0.00440000"],["4308.94000000","0.00320000"],["4308.96000000","0.00120000"],["4308.97000000","0.00120000"],["4308.98000000","0.00520000"],["4308.99000000","0.00240000"],["4309.00000000","0.00240000"],["4309.01000000","0.57830000"],["4309.02000000","0.00400000"],["4309.09000000","0.00120000"],["4309.10000000","0.85450000"],["4309.13000000","8.02710000"],["4309.14000000","0.00120000"],["4309.16000000","0.02310000"],["4309.20000000","0.70120000"],["4309.23000000","1.08810000"],["4309.26000000","0.70500000"],["4309.27000000","8.02620000"]]},{"timestamp":1757148629232,"lastUpdateId":59643429903,"bids":[["4308.89000000","0.00230000"],["4308.88000000","0.11610000"],["4308.87000000","0.03060000"],["4308.85000000","5.91570000"],["4308.84000000","0.02750000"],["4308.83000000","1.07230000"],["4308.82000000","1.66590000"],["4308.81000000","0.14680000"],["4308.80000000","0.84300000"],["4308.79000000","0.04650000"],["4308.78000000","0.06970000"],["4308.77000000","0.54040000"],["4308.76000000","0.00180000"],["4308.74000000","0.00120000"],["4308.73000000","0.00800000"],["4308.72000000","0.01510000"],["4308.71000000","1.20200000"],["4308.70000000","3.48220000"],["4308.69000000","0.00240000"],["4308.68000000","0.06820000"]],"asks":[["4308.90000000","21.58080000"],["4308.91000000","0.01500000"],["4308.92000000","0.00440000"],["4308.94000000","0.00320000"],["4308.96000000","0.00120000"],["4308.97000000","0.00120000"],["4308.98000000","0.00520000"],["4308.99000000","0.00240000"],["4309.00000000","0.00240000"],["4309.01000000","0.57830000"],["4309.02000000","0.00400000"],["4309.09000000","0.00120000"],["4309.10000000","0.85450000"],["4309.13000000","8.02710000"],["4309.14000000","0.00120000"],["4309.16000000","0.02310000"],["4309.20000000","0.70120000"],["4309.23000000","1.08810000"],["4309.26000000","0.70500000"],["4309.27000000","8.02620000"]]},{"timestamp":1757148629232,"lastUpdateId":59643429903,"bids":[["4308.89000000","0.00230000"],["4308.88000000","0.11730000"],["4308.87000000","0.03060000"],["4308.85000000","5.91570000"],["4308.84000000","0.02870000"],["4308.83000000","1.07230000"],["4308.82000000","0.11380000"],["4308.81000000","0.11610000"],["4308.80000000","0.84300000"],["4308.79000000","0.04770000"],["4308.78000000","0.06970000"],["4308.77000000","0.54040000"],["4308.76000000","0.00180000"],["4308.74000000","0.00120000"],["4308.73000000","0.00800000"],["4308.72000000","0.01510000"],["4308.71000000","1.20200000"],["4308.70000000","7.35810000"],["4308.69000000","0.00240000"],["4308.68000000","0.06820000"]],"asks":[["4308.90000000","21.58080000"],["4308.91000000","0.01500000"],["4308.92000000","0.00440000"],["4308.94000000","0.00320000"],["4308.96000000","0.00120000"],["4308.97000000","0.00120000"],["4308.98000000","0.00520000"],["4308.99000000","0.00240000"],["4309.00000000","0.00240000"],["4309.01000000","0.57830000"],["4309.02000000","0.00400000"],["4309.09000000","0.00120000"],["4309.10000000","0.85450000"],["4309.13000000","8.02710000"],["4309.14000000","0.00120000"],["4309.16000000","0.02310000"],["4309.20000000","0.70120000"],["4309.23000000","1.08810000"],["4309.26000000","0.70500000"],["4309.27000000","8.02620000"]]},{"timestamp":1757148629232,"lastUpdateId":59643429903,"bids":[["4308.89000000","0.00230000"],["4308.88000000","0.11730000"],["4308.87000000","0.03180000"],["4308.85000000","5.91570000"],["4308.84000000","0.72350000"],["4308.83000000","1.07230000"],["4308.82000000","0.10700000"],["4308.81000000","0.11730000"],["4308.80000000","0.84300000"],["4308.79000000","1.21810000"],["4308.78000000","3.21970000"],["4308.77000000","0.54040000"],["4308.76000000","0.83380000"],["4308.74000000","0.00120000"],["4308.73000000","0.00800000"],["4308.72000000","0.01510000"],["4308.71000000","1.20200000"],["4308.70000000","21.66150000"],["4308.69000000","0.00240000"],["4308.68000000","0.06820000"]],"asks":[["4308.90000000","21.58080000"],["4308.91000000","0.01500000"],["4308.92000000","0.00440000"],["4308.94000000","0.00320000"],["4308.96000000","0.00120000"],["4308.97000000","0.00120000"],["4308.98000000","0.00520000"],["4308.99000000","0.00240000"],["4309.00000000","0.00240000"],["4309.01000000","0.57830000"],["4309.02000000","0.00400000"],["4309.09000000","0.00120000"],["4309.10000000","0.85450000"],["4309.13000000","8.02710000"],["4309.14000000","0.00120000"],["4309.16000000","0.02310000"],["4309.20000000","0.70120000"],["4309.23000000","1.08810000"],["4309.26000000","0.70500000"],["4309.27000000","8.02620000"]]},{"timestamp":1757148629232,"lastUpdateId":59643429903,"bids":[["4308.89000000","0.80230000"],["4308.88000000","0.11730000"],["4308.87000000","0.03180000"],["4308.85000000","5.91570000"],["4308.84000000","0.72590000"],["4308.83000000","1.07230000"],["4308.82000000","0.35850000"],["4308.81000000","0.11610000"],["4308.80000000","0.86620000"],["4308.79000000","1.21810000"],["4308.78000000","3.24280000"],["4308.77000000","0.54040000"],["4308.76000000","9.39730000"],["4308.74000000","0.00120000"],["4308.73000000","0.00800000"],["4308.72000000","0.01510000"],["4308.71000000","1.20200000"],["4308.70000000","16.33560000"],["4308.69000000","0.00240000"],["4308.68000000","0.06820000"]],"asks":[["4308.90000000","21.58080000"],["4308.91000000","0.01500000"],["4308.92000000","0.00440000"],["4308.94000000","0.00320000"],["4308.96000000","0.00120000"],["4308.97000000","0.00120000"],["4308.98000000","0.00520000"],["4308.99000000","0.00240000"],["4309.00000000","0.00240000"],["4309.01000000","0.57830000"],["4309.02000000","0.00400000"],["4309.09000000","0.00120000"],["4309.10000000","0.85450000"],["4309.13000000","8.02710000"],["4309.14000000","0.00120000"],["4309.16000000","0.02310000"],["4309.20000000","0.70120000"],["4309.23000000","1.08810000"],["4309.26000000","0.70500000"],["4309.27000000","8.02620000"]]},{"timestamp":1757148629232,"lastUpdateId":59643429903,"bids":[["4308.89000000","0.02900000"],["4308.88000000","0.13050000"],["4308.87000000","0.03620000"],["4308.85000000","0.00320000"],["4308.84000000","0.02870000"],["4308.83000000","0.00120000"],["4308.82000000","0.36320000"],["4308.81000000","0.15330000"],["4308.80000000","0.00120000"],["4308.79000000","0.04770000"],["4308.78000000","0.07090000"],["4308.77000000","0.54040000"],["4308.76000000","0.00180000"],["4308.74000000","0.00120000"],["4308.73000000","0.00800000"],["4308.72000000","0.01510000"],["4308.71000000","0.00120000"],["4308.70000000","7.95390000"],["4308.69000000","0.00120000"],["4308.68000000","0.06820000"]],"asks":[["4308.90000000","138.85360000"],["4308.91000000","0.72120000"],["4308.92000000","0.00240000"],["4308.94000000","0.00320000"],["4308.96000000","4.69930000"],["4308.97000000","0.00120000"],["4308.98000000","0.00320000"],["4308.99000000","5.80370000"],["4309.00000000","1.40330000"],["4309.01000000","0.56870000"],["4309.02000000","0.00400000"],["4309.09000000","0.00120000"],["4309.10000000","0.86250000"],["4309.13000000","8.02710000"],["4309.14000000","5.44820000"],["4309.16000000","0.02310000"],["4309.20000000","1.54420000"],["4309.23000000","1.08810000"],["4309.26000000","0.02450000"],["4309.27000000","1.06180000"]]},{"timestamp":1757148599232,"lastUpdateId":59643414551,"bids":[["4310.54000000","0.05380000"],["4310.53000000","0.01080000"],["4310.52000000","0.04880000"],["4310.51000000","0.07200000"],["4310.50000000","0.04880000"],["4310.48000000","0.02520000"],["4310.46000000","0.00440000"],["4310.45000000","0.00120000"],["4310.44000000","0.03920000"],["4310.43000000","0.00120000"],["4310.42000000","0.00320000"],["4310.40000000","0.00120000"],["4310.36000000","0.00520000"],["4310.35000000","0.00240000"],["4310.33000000","0.84920000"],["4310.32000000","2.71220000"],["4310.29000000","0.00120000"],["4310.28000000","0.01000000"],["4310.24000000","0.02690000"],["4310.23000000","2.24320000"]],"asks":[["4310.55000000","0.10580000"],["4310.59000000","0.00440000"],["4310.60000000","0.84300000"],["4310.61000000","0.01200000"],["4310.62000000","0.00120000"],["4310.64000000","0.01150000"],["4310.65000000","0.00240000"],["4310.66000000","5.79910000"],["4310.67000000","0.01150000"],["4310.68000000","0.02450000"],["4310.69000000","0.23610000"],["4310.70000000","1.23190000"],["4310.72000000","0.00200000"],["4310.74000000","0.00200000"],["4310.76000000","0.00200000"],["4310.80000000","0.00400000"],["4310.81000000","0.01600000"],["4310.86000000","0.02310000"],["4310.87000000","2.23030000"],["4310.88000000","0.00800000"]]},{"timestamp":1757148599232,"lastUpdateId":59643414551,"bids":[["4310.54000000","0.05380000"],["4310.53000000","0.01080000"],["4310.52000000","0.04880000"],["4310.51000000","0.07200000"],["4310.50000000","0.04880000"],["4310.48000000","0.02520000"],["4310.46000000","0.00440000"],["4310.45000000","0.00120000"],["4310.44000000","0.03920000"],["4310.43000000","0.00120000"],["4310.42000000","0.00320000"],["4310.40000000","0.00120000"],["4310.36000000","0.00520000"],["4310.35000000","0.00240000"],["4310.33000000","0.84920000"],["4310.32000000","2.71220000"],["4310.29000000","0.00120000"],["4310.28000000","0.01000000"],["4310.24000000","0.02690000"],["4310.23000000","2.24320000"]],"asks":[["4310.55000000","0.10580000"],["4310.59000000","0.00440000"],["4310.60000000","0.84300000"],["4310.61000000","0.01200000"],["4310.62000000","0.00120000"],["4310.64000000","0.01150000"],["4310.65000000","0.00240000"],["4310.66000000","5.79910000"],["4310.67000000","0.01150000"],["4310.68000000","0.02450000"],["4310.69000000","0.23610000"],["4310.70000000","1.23190000"],["4310.72000000","0.00200000"],["4310.74000000","0.00200000"],["4310.76000000","0.00200000"],["4310.80000000","0.00400000"],["4310.81000000","0.01600000"],["4310.86000000","0.02310000"],["4310.87000000","2.23030000"],["4310.88000000","0.00800000"]]},{"timestamp":1757148599232,"lastUpdateId":59643414551,"bids":[["4310.54000000","0.05380000"],["4310.53000000","0.01080000"],["4310.52000000","0.04880000"],["4310.51000000","0.07200000"],["4310.50000000","0.04880000"],["4310.48000000","0.02520000"],["4310.46000000","0.00440000"],["4310.45000000","0.00120000"],["4310.44000000","0.03920000"],["4310.43000000","0.00120000"],["4310.42000000","0.00320000"],["4310.40000000","0.00120000"],["4310.36000000","0.00520000"],["4310.35000000","0.00240000"],["4310.33000000","0.84920000"],["4310.32000000","2.71220000"],["4310.29000000","0.00120000"],["4310.28000000","0.01000000"],["4310.24000000","0.02690000"],["4310.23000000","2.24320000"]],"asks":[["4310.55000000","0.10580000"],["4310.59000000","0.00440000"],["4310.60000000","0.84300000"],["4310.61000000","0.01200000"],["4310.62000000","0.00120000"],["4310.64000000","0.01150000"],["4310.65000000","0.00240000"],["4310.66000000","5.79910000"],["4310.67000000","0.01150000"],["4310.68000000","0.02450000"],["4310.69000000","0.23610000"],["4310.70000000","1.23190000"],["4310.72000000","0.00200000"],["4310.74000000","0.00200000"],["4310.76000000","0.00200000"],["4310.80000000","0.00400000"],["4310.81000000","0.01600000"],["4310.86000000","0.02310000"],["4310.87000000","2.23030000"],["4310.88000000","0.00800000"]]},{"timestamp":1757148599232,"lastUpdateId":59643414551,"bids":[["4310.54000000","0.05380000"],["4310.53000000","0.01080000"],["4310.52000000","0.04880000"],["4310.51000000","0.07200000"],["4310.50000000","0.04880000"],["4310.48000000","0.02520000"],["4310.46000000","0.00440000"],["4310.45000000","0.00120000"],["4310.44000000","0.03920000"],["4310.43000000","0.00120000"],["4310.42000000","0.00320000"],["4310.40000000","0.00120000"],["4310.36000000","0.00520000"],["4310.35000000","0.00240000"],["4310.33000000","0.84920000"],["4310.32000000","2.71220000"],["4310.29000000","0.00120000"],["4310.28000000","0.01000000"],["4310.24000000","0.02690000"],["4310.23000000","2.24320000"]],"asks":[["4310.55000000","0.10580000"],["4310.59000000","0.00440000"],["4310.60000000","0.84300000"],["4310.61000000","0.01200000"],["4310.62000000","0.00120000"],["4310.64000000","0.01150000"],["4310.65000000","0.00240000"],["4310.66000000","5.79910000"],["4310.67000000","0.01150000"],["4310.68000000","0.02450000"],["4310.69000000","0.23610000"],["4310.70000000","1.23190000"],["4310.72000000","0.00200000"],["4310.74000000","0.00200000"],["4310.76000000","0.00200000"],["4310.80000000","0.00400000"],["4310.81000000","0.01600000"],["4310.86000000","0.02310000"],["4310.87000000","2.23030000"],["4310.88000000","0.00800000"]]},{"timestamp":1757148599232,"lastUpdateId":59643414551,"bids":[["4310.54000000","0.05380000"],["4310.53000000","0.01080000"],["4310.52000000","0.04880000"],["4310.51000000","0.07200000"],["4310.50000000","0.04880000"],["4310.48000000","0.02520000"],["4310.46000000","0.00440000"],["4310.45000000","0.00120000"],["4310.44000000","0.03920000"],["4310.43000000","0.00120000"],["4310.42000000","0.00320000"],["4310.40000000","0.00120000"],["4310.36000000","0.00520000"],["4310.35000000","0.00240000"],["4310.33000000","0.84920000"],["4310.32000000","2.71220000"],["4310.29000000","0.00120000"],["4310.28000000","0.01000000"],["4310.24000000","0.02690000"],["4310.23000000","2.24320000"]],"asks":[["4310.55000000","0.10580000"],["4310.59000000","0.00440000"],["4310.60000000","0.84300000"],["4310.61000000","0.01200000"],["4310.62000000","0.00120000"],["4310.64000000","0.01150000"],["4310.65000000","0.00240000"],["4310.66000000","5.79910000"],["4310.67000000","0.01150000"],["4310.68000000","0.02450000"],["4310.69000000","0.23610000"],["4310.70000000","1.23190000"],["4310.72000000","0.00200000"],["4310.74000000","0.00200000"],["4310.76000000","0.00200000"],["4310.80000000","0.00400000"],["4310.81000000","0.01600000"],["4310.86000000","0.02310000"],["4310.87000000","2.23030000"],["4310.88000000","0.00800000"]]},{"timestamp":1757148599232,"lastUpdateId":59643414551,"bids":[["4310.54000000","0.05380000"],["4310.53000000","0.01080000"],["4310.52000000","0.04880000"],["4310.51000000","0.07200000"],["4310.50000000","0.04880000"],["4310.48000000","0.02520000"],["4310.46000000","0.00440000"],["4310.45000000","0.00120000"],["4310.44000000","0.03920000"],["4310.43000000","0.00120000"],["4310.42000000","0.00320000"],["4310.40000000","0.00120000"],["4310.36000000","0.00520000"],["4310.35000000","0.00240000"],["4310.33000000","0.84920000"],["4310.32000000","2.71220000"],["4310.29000000","0.00120000"],["4310.28000000","0.01000000"],["4310.24000000","0.02690000"],["4310.23000000","2.24320000"]],"asks":[["4310.55000000","0.10460000"],["4310.59000000","0.00440000"],["4310.60000000","0.84300000"],["4310.61000000","0.01200000"],["4310.62000000","0.00120000"],["4310.64000000","0.01150000"],["4310.65000000","0.00240000"],["4310.66000000","5.79910000"],["4310.67000000","0.01150000"],["4310.68000000","0.02570000"],["4310.69000000","0.23610000"],["4310.70000000","1.23190000"],["4310.72000000","0.00200000"],["4310.74000000","0.00200000"],["4310.76000000","0.00200000"],["4310.80000000","0.00400000"],["4310.81000000","0.01600000"],["4310.86000000","0.02310000"],["4310.87000000","2.23030000"],["4310.88000000","0.00800000"]]},{"timestamp":1757148599232,"lastUpdateId":59643414551,"bids":[["4310.54000000","0.05380000"],["4310.53000000","0.01080000"],["4310.52000000","0.04880000"],["4310.51000000","0.07200000"],["4310.50000000","0.04880000"],["4310.48000000","0.02520000"],["4310.46000000","0.00440000"],["4310.45000000","0.00120000"],["4310.44000000","0.03920000"],["4310.43000000","0.00120000"],["4310.42000000","0.00320000"],["4310.40000000","0.00120000"],["4310.36000000","0.00520000"],["4310.35000000","0.00240000"],["4310.33000000","0.84920000"],["4310.32000000","2.71220000"],["4310.29000000","0.00120000"],["4310.28000000","0.01000000"],["4310.24000000","0.02690000"],["4310.23000000","2.24320000"]],"asks":[["4310.55000000","0.10460000"],["4310.59000000","0.00440000"],["4310.60000000","0.84300000"],["4310.61000000","0.01200000"],["4310.62000000","0.00120000"],["4310.64000000","0.01150000"],["4310.65000000","0.42110000"],["4310.66000000","5.79910000"],["4310.67000000","0.01150000"],["4310.68000000","0.02570000"],["4310.69000000","0.23610000"],["4310.70000000","1.23190000"],["4310.72000000","0.00200000"],["4310.74000000","0.00200000"],["4310.76000000","0.00200000"],["4310.80000000","0.00400000"],["4310.81000000","0.01600000"],["4310.86000000","0.02310000"],["4310.87000000","2.23030000"],["4310.88000000","0.00800000"]]},{"timestamp":1757148599232,"lastUpdateId":59643414551,"bids":[["4310.54000000","0.05380000"],["4310.53000000","0.01080000"],["4310.52000000","0.04880000"],["4310.51000000","0.07200000"],["4310.50000000","0.04880000"],["4310.48000000","0.02520000"],["4310.46000000","0.00440000"],["4310.45000000","0.00120000"],["4310.44000000","0.03920000"],["4310.43000000","0.00120000"],["4310.42000000","0.00320000"],["4310.40000000","0.00120000"],["4310.36000000","0.00520000"],["4310.35000000","0.00240000"],["4310.33000000","0.84920000"],["4310.32000000","2.71220000"],["4310.29000000","0.00120000"],["4310.28000000","0.01000000"],["4310.24000000","0.02690000"],["4310.23000000","2.24320000"]],"asks":[["4310.55000000","3.83830000"],["4310.59000000","0.00440000"],["4310.60000000","0.84300000"],["4310.61000000","0.01200000"],["4310.62000000","0.00120000"],["4310.64000000","0.01150000"],["4310.65000000","0.00240000"],["4310.66000000","5.79910000"],["4310.67000000","0.01150000"],["4310.68000000","0.02570000"],["4310.69000000","0.23610000"],["4310.70000000","1.23190000"],["4310.72000000","0.00200000"],["4310.74000000","0.00200000"],["4310.76000000","0.00200000"],["4310.80000000","0.00400000"],["4310.81000000","0.01600000"],["4310.86000000","0.02310000"],["4310.87000000","2.23030000"],["4310.88000000","0.00800000"]]},{"timestamp":1757148599232,"lastUpdateId":59643414551,"bids":[["4310.54000000","0.05380000"],["4310.53000000","0.01080000"],["4310.52000000","0.04880000"],["4310.51000000","0.07200000"],["4310.50000000","0.04880000"],["4310.48000000","0.02520000"],["4310.46000000","0.00440000"],["4310.45000000","0.00120000"],["4310.44000000","0.03920000"],["4310.43000000","0.00120000"],["4310.42000000","0.00320000"],["4310.40000000","0.00120000"],["4310.36000000","0.00520000"],["4310.35000000","0.00240000"],["4310.33000000","0.84920000"],["4310.32000000","2.71220000"],["4310.29000000","0.00120000"],["4310.28000000","0.01000000"],["4310.24000000","0.02690000"],["4310.23000000","2.24320000"]],"asks":[["4310.55000000","0.10460000"],["4310.59000000","0.00440000"],["4310.60000000","0.84300000"],["4310.61000000","0.01200000"],["4310.62000000","0.00120000"],["4310.64000000","0.01150000"],["4310.65000000","0.00240000"],["4310.66000000","5.79910000"],["4310.67000000","0.01150000"],["4310.68000000","0.03380000"],["4310.69000000","0.23610000"],["4310.70000000","1.23190000"],["4310.72000000","0.00200000"],["4310.74000000","0.00200000"],["4310.76000000","0.00200000"],["4310.80000000","0.00400000"],["4310.81000000","0.01600000"],["4310.86000000","0.02310000"],["4310.87000000","2.23030000"],["4310.88000000","0.00800000"]]},{"timestamp":1757148599232,"lastUpdateId":59643414551,"bids":[["4310.54000000","0.05380000"],["4310.53000000","0.01080000"],["4310.52000000","0.04880000"],["4310.51000000","0.07200000"],["4310.50000000","0.04880000"],["4310.48000000","0.02520000"],["4310.46000000","0.00440000"],["4310.45000000","0.00120000"],["4310.44000000","0.03920000"],["4310.43000000","0.00120000"],["4310.42000000","0.00320000"],["4310.40000000","0.00120000"],["4310.36000000","0.00520000"],["4310.35000000","0.00240000"],["4310.33000000","0.84920000"],["4310.32000000","2.71220000"],["4310.29000000","0.00120000"],["4310.28000000","0.01000000"],["4310.24000000","0.02690000"],["4310.23000000","2.24320000"]],"asks":[["4310.55000000","0.10460000"],["4310.59000000","0.00440000"],["4310.60000000","0.84300000"],["4310.61000000","0.01200000"],["4310.62000000","0.00120000"],["4310.64000000","0.01150000"],["4310.65000000","0.00240000"],["4310.66000000","5.79910000"],["4310.67000000","0.01150000"],["4310.68000000","0.02570000"],["4310.69000000","0.23610000"],["4310.70000000","1.23190000"],["4310.72000000","0.00200000"],["4310.74000000","0.00200000"],["4310.76000000","0.00200000"],["4310.80000000","0.00400000"],["4310.81000000","0.01600000"],["4310.86000000","0.02310000"],["4310.87000000","2.23030000"],["4310.88000000","0.00800000"]]},{"timestamp":1757148599232,"lastUpdateId":59643414551,"bids":[["4310.54000000","3.23460000"],["4310.53000000","0.01360000"],["4310.52000000","0.04880000"],["4310.51000000","0.07200000"],["4310.50000000","0.04760000"],["4310.48000000","0.00240000"],["4310.46000000","0.00240000"],["4310.45000000","0.00920000"],["4310.44000000","0.00240000"],["4310.43000000","0.00120000"],["4310.42000000","0.21200000"],["4310.40000000","0.00120000"],["4310.36000000","1.20770000"],["4310.35000000","0.42550000"],["4310.33000000","0.00830000"],["4310.32000000","2.70020000"],["4310.29000000","0.01720000"],["4310.28000000","0.00200000"],["4310.24000000","0.82570000"],["4310.23000000","2.06660000"]],"asks":[["4310.55000000","160.17250000"],["4310.59000000","15.97190000"],["4310.60000000","6.77170000"],["4310.61000000","0.01200000"],["4310.62000000","4.09040000"],["4310.64000000","0.00120000"],["4310.65000000","8.02540000"],["4310.66000000","5.80030000"],["4310.67000000","1.94720000"],["4310.68000000","0.37600000"],["4310.69000000","0.00240000"],["4310.70000000","1.54420000"],["4310.72000000","0.00200000"],["4310.74000000","0.00200000"],["4310.76000000","0.00200000"],["4310.80000000","0.00400000"],["4310.81000000","0.00120000"],["4310.86000000","0.02310000"],["4310.87000000","12.23480000"],["4310.88000000","0.00800000"]]},{"timestamp":1757148569231,"lastUpdateId":59643408378,"bids":[["4311.10000000","2.91240000"],["4311.09000000","0.00120000"],["4311.08000000","0.00320000"],["4311.07000000","0.00670000"],["4311.06000000","0.00200000"],["4311.05000000","0.00370000"],["4311.04000000","0.11920000"],["4311.03000000","0.00240000"],["4311.02000000","0.00120000"],["4311.01000000","0.00240000"],["4311.00000000","0.05510000"],["4310.98000000","0.03730000"],["4310.97000000","0.18680000"],["4310.95000000","0.04760000"],["4310.94000000","0.07330000"],["4310.91000000","0.00250000"],["4310.90000000","0.00120000"],["4310.89000000","0.01280000"],["4310.88000000","0.02430000"],["4310.87000000","0.00250000"]],"asks":[["4311.11000000","0.07740000"],["4311.12000000","0.00240000"],["4311.13000000","0.00200000"],["4311.14000000","10.73130000"],["4311.15000000","0.00200000"],["4311.16000000","0.00360000"],["4311.17000000","0.00240000"],["4311.18000000","0.00120000"],["4311.19000000","0.02600000"],["4311.20000000","0.02310000"],["4311.21000000","0.00130000"],["4311.22000000","0.00400000"],["4311.29000000","0.01150000"],["4311.30000000","0.00800000"],["4311.31000000","0.00130000"],["4311.34000000","0.00520000"],["4311.37000000","0.02310000"],["4311.38000000","0.00130000"],["4311.39000000","0.04640000"],["4311.40000000","0.86720000"]]},{"timestamp":1757148569231,"lastUpdateId":59643408378,"bids":[["4311.10000000","2.91240000"],["4311.09000000","0.00120000"],["4311.08000000","0.00320000"],["4311.07000000","0.00670000"],["4311.06000000","0.00200000"],["4311.05000000","0.00370000"],["4311.04000000","0.11920000"],["4311.03000000","0.00240000"],["4311.02000000","0.00120000"],["4311.01000000","0.00240000"],["4311.00000000","0.05510000"],["4310.98000000","0.03730000"],["4310.97000000","0.18680000"],["4310.95000000","0.04760000"],["4310.94000000","0.07330000"],["4310.91000000","0.00250000"],["4310.90000000","0.00120000"],["4310.89000000","0.01280000"],["4310.88000000","0.02430000"],["4310.87000000","0.00250000"]],"asks":[["4311.11000000","0.07740000"],["4311.12000000","0.00240000"],["4311.13000000","0.00200000"],["4311.14000000","10.73130000"],["4311.15000000","0.00200000"],["4311.16000000","0.00360000"],["4311.17000000","0.00240000"],["4311.18000000","0.00120000"],["4311.19000000","0.02600000"],["4311.20000000","0.02310000"],["4311.21000000","0.00130000"],["4311.22000000","0.00400000"],["4311.29000000","0.01150000"],["4311.30000000","0.00800000"],["4311.31000000","0.00130000"],["4311.34000000","0.00520000"],["4311.37000000","0.02310000"],["4311.38000000","0.00130000"],["4311.39000000","0.04640000"],["4311.40000000","0.86720000"]]},{"timestamp":1757148569231,"lastUpdateId":59643408378,"bids":[["4311.10000000","2.91240000"],["4311.09000000","0.00120000"],["4311.08000000","0.00320000"],["4311.07000000","0.00670000"],["4311.06000000","0.00200000"],["4311.05000000","0.00370000"],["4311.04000000","0.11920000"],["4311.03000000","0.00240000"],["4311.02000000","0.00120000"],["4311.01000000","0.00240000"],["4311.00000000","0.05510000"],["4310.98000000","0.03730000"],["4310.97000000","0.18680000"],["4310.95000000","0.04760000"],["4310.94000000","0.07330000"],["4310.91000000","0.00250000"],["4310.90000000","0.00120000"],["4310.89000000","0.01280000"],["4310.88000000","0.02430000"],["4310.87000000","0.00250000"]],"asks":[["4311.11000000","0.07740000"],["4311.12000000","0.00240000"],["4311.13000000","0.00200000"],["4311.14000000","10.73130000"],["4311.15000000","0.00200000"],["4311.16000000","0.00360000"],["4311.17000000","0.00240000"],["4311.18000000","0.00120000"],["4311.19000000","0.02600000"],["4311.20000000","0.02310000"],["4311.21000000","0.00130000"],["4311.22000000","0.00400000"],["4311.29000000","0.01150000"],["4311.30000000","0.00800000"],["4311.31000000","0.00130000"],["4311.34000000","0.00520000"],["4311.37000000","0.02310000"],["4311.38000000","0.00130000"],["4311.39000000","0.04640000"],["4311.40000000","0.86720000"]]},{"timestamp":1757148569231,"lastUpdateId":59643408378,"bids":[["4311.10000000","2.91240000"],["4311.09000000","0.00120000"],["4311.08000000","0.00320000"],["4311.07000000","0.00670000"],["4311.06000000","0.00200000"],["4311.05000000","0.00370000"],["4311.04000000","0.11920000"],["4311.03000000","0.00240000"],["4311.02000000","0.00120000"],["4311.01000000","0.00240000"],["4311.00000000","0.05510000"],["4310.98000000","0.03730000"],["4310.97000000","0.18680000"],["4310.95000000","0.04760000"],["4310.94000000","0.07330000"],["4310.91000000","0.00250000"],["4310.90000000","0.00120000"],["4310.89000000","0.01280000"],["4310.88000000","0.02430000"],["4310.87000000","0.00250000"]],"asks":[["4311.11000000","0.07740000"],["4311.12000000","0.00240000"],["4311.13000000","0.00200000"],["4311.14000000","10.73130000"],["4311.15000000","0.00200000"],["4311.16000000","0.00360000"],["4311.17000000","0.00240000"],["4311.18000000","0.00120000"],["4311.19000000","0.02600000"],["4311.20000000","0.02310000"],["4311.21000000","0.00130000"],["4311.22000000","0.00400000"],["4311.29000000","0.01150000"],["4311.30000000","0.00800000"],["4311.31000000","0.00130000"],["4311.34000000","0.00520000"],["4311.37000000","0.02310000"],["4311.38000000","0.00130000"],["4311.39000000","0.04640000"],["4311.40000000","0.86720000"]]},{"timestamp":1757148569231,"lastUpdateId":59643408378,"bids":[["4311.10000000","2.91240000"],["4311.09000000","0.00120000"],["4311.08000000","0.00320000"],["4311.07000000","0.00670000"],["4311.06000000","0.00200000"],["4311.05000000","0.00370000"],["4311.04000000","0.11920000"],["4311.03000000","0.00240000"],["4311.02000000","0.00120000"],["4311.01000000","0.00240000"],["4311.00000000","0.05510000"],["4310.98000000","0.03730000"],["4310.97000000","0.18680000"],["4310.95000000","0.04760000"],["4310.94000000","0.07330000"],["4310.91000000","0.00250000"],["4310.90000000","0.00120000"],["4310.89000000","0.01280000"],["4310.88000000","0.02430000"],["4310.87000000","0.00250000"]],"asks":[["4311.11000000","0.07620000"],["4311.12000000","0.00240000"],["4311.13000000","0.00200000"],["4311.14000000","10.73130000"],["4311.15000000","0.00200000"],["4311.16000000","0.00360000"],["4311.17000000","0.00120000"],["4311.18000000","0.00120000"],["4311.19000000","5.93210000"],["4311.20000000","0.02310000"],["4311.21000000","0.00130000"],["4311.22000000","0.00400000"],["4311.29000000","0.01150000"],["4311.30000000","0.00800000"],["4311.31000000","0.00130000"],["4311.34000000","11.48210000"],["4311.37000000","0.02310000"],["4311.38000000","0.00130000"],["4311.39000000","0.04820000"],["4311.40000000","0.86720000"]]},{"timestamp":1757148569231,"lastUpdateId":59643408378,"bids":[["4311.10000000","2.91240000"],["4311.09000000","0.00120000"],["4311.08000000","0.00320000"],["4311.07000000","0.00670000"],["4311.06000000","0.00200000"],["4311.05000000","0.00370000"],["4311.04000000","0.11920000"],["4311.03000000","0.00240000"],["4311.02000000","0.00120000"],["4311.01000000","0.00240000"],["4311.00000000","0.05510000"],["4310.98000000","0.03730000"],["4310.97000000","0.18680000"],["4310.95000000","0.04760000"],["4310.94000000","0.07330000"],["4310.91000000","0.00250000"],["4310.90000000","0.00120000"],["4310.89000000","0.01280000"],["4310.88000000","0.02430000"],["4310.87000000","0.00250000"]],"asks":[["4311.11000000","0.07620000"],["4311.12000000","6.10980000"],["4311.13000000","0.00200000"],["4311.14000000","10.73130000"],["4311.15000000","0.00200000"],["4311.16000000","0.00360000"],["4311.17000000","0.00120000"],["4311.18000000","0.00120000"],["4311.19000000","0.01640000"],["4311.20000000","0.02310000"],["4311.21000000","0.00130000"],["4311.22000000","0.00400000"],["4311.29000000","0.01150000"],["4311.30000000","0.00800000"],["4311.31000000","0.00130000"],["4311.34000000","0.00240000"],["4311.37000000","0.02310000"],["4311.38000000","0.00130000"],["4311.39000000","0.04820000"],["4311.40000000","0.86720000"]]},{"timestamp":1757148569231,"lastUpdateId":59643408378,"bids":[["4311.10000000","2.91240000"],["4311.09000000","0.00120000"],["4311.08000000","0.00320000"],["4311.07000000","0.00670000"],["4311.06000000","0.00200000"],["4311.05000000","0.00370000"],["4311.04000000","0.11920000"],["4311.03000000","0.00240000"],["4311.02000000","0.00120000"],["4311.01000000","0.00240000"],["4311.00000000","0.05510000"],["4310.98000000","0.03730000"],["4310.97000000","0.18680000"],["4310.95000000","0.04760000"],["4310.94000000","0.07330000"],["4310.91000000","0.00250000"],["4310.90000000","0.00120000"],["4310.89000000","0.01280000"],["4310.88000000","0.02430000"],["4310.87000000","0.00250000"]],"asks":[["4311.11000000","0.07620000"],["4311.12000000","0.25580000"],["4311.13000000","0.00200000"],["4311.14000000","10.73130000"],["4311.15000000","0.00200000"],["4311.16000000","0.00360000"],["4311.17000000","0.00120000"],["4311.18000000","0.00120000"],["4311.19000000","0.01640000"],["4311.20000000","0.02310000"],["4311.21000000","0.00130000"],["4311.22000000","0.00400000"],["4311.29000000","0.01150000"],["4311.30000000","0.00800000"],["4311.31000000","0.00130000"],["4311.34000000","0.00120000"],["4311.37000000","0.02310000"],["4311.38000000","0.00130000"],["4311.39000000","0.04820000"],["4311.40000000","0.86720000"]]},{"timestamp":1757148569231,"lastUpdateId":59643408378,"bids":[["4311.10000000","2.91240000"],["4311.09000000","0.00120000"],["4311.08000000","0.00320000"],["4311.07000000","0.00670000"],["4311.06000000","0.00200000"],["4311.05000000","0.00370000"],["4311.04000000","0.11920000"],["4311.03000000","0.00240000"],["4311.02000000","0.00120000"],["4311.01000000","0.00240000"],["4311.00000000","0.05510000"],["4310.98000000","0.03730000"],["4310.97000000","0.18680000"],["4310.95000000","0.04760000"],["4310.94000000","0.07330000"],["4310.91000000","0.00250000"],["4310.90000000","0.00120000"],["4310.89000000","0.01280000"],["4310.88000000","0.02430000"],["4310.87000000","0.00250000"]],"asks":[["4311.11000000","0.07620000"],["4311.12000000","2.80830000"],["4311.13000000","0.00200000"],["4311.14000000","10.73130000"],["4311.15000000","0.00200000"],["4311.16000000","0.00360000"],["4311.17000000","0.00120000"],["4311.18000000","0.00120000"],["4311.19000000","0.01640000"],["4311.20000000","0.02310000"],["4311.21000000","0.00130000"],["4311.22000000","0.00400000"],["4311.29000000","0.01150000"],["4311.30000000","0.00800000"],["4311.31000000","0.00130000"],["4311.34000000","0.10240000"],["4311.37000000","0.02310000"],["4311.38000000","0.00130000"],["4311.39000000","0.05970000"],["4311.40000000","0.86720000"]]},{"timestamp":1757148569231,"lastUpdateId":59643408378,"bids":[["4311.10000000","2.91240000"],["4311.09000000","0.00120000"],["4311.08000000","0.00320000"],["4311.07000000","0.00670000"],["4311.06000000","0.00200000"],["4311.05000000","0.00370000"],["4311.04000000","0.11920000"],["4311.03000000","0.00240000"],["4311.02000000","0.00120000"],["4311.01000000","0.00240000"],["4311.00000000","0.05510000"],["4310.98000000","0.03730000"],["4310.97000000","0.18680000"],["4310.95000000","0.04760000"],["4310.94000000","0.07330000"],["4310.91000000","0.00250000"],["4310.90000000","0.00120000"],["4310.89000000","0.01280000"],["4310.88000000","0.02430000"],["4310.87000000","0.00250000"]],"asks":[["4311.11000000","0.07620000"],["4311.12000000","0.90340000"],["4311.13000000","0.00200000"],["4311.14000000","10.73130000"],["4311.15000000","0.00200000"],["4311.16000000","0.00360000"],["4311.17000000","0.00120000"],["4311.18000000","0.00120000"],["4311.19000000","0.01640000"],["4311.20000000","0.02310000"],["4311.21000000","0.00130000"],["4311.22000000","0.00400000"],["4311.29000000","0.01150000"],["4311.30000000","0.00800000"],["4311.31000000","0.00130000"],["4311.34000000","0.00240000"],["4311.37000000","0.02310000"],["4311.38000000","0.00130000"],["4311.39000000","0.05970000"],["4311.40000000","0.86720000"]]},{"timestamp":1757148569231,"lastUpdateId":59643408378,"bids":[["4311.10000000","2.91240000"],["4311.09000000","0.00120000"],["4311.08000000","0.00320000"],["4311.07000000","0.00670000"],["4311.06000000","0.00200000"],["4311.05000000","0.00370000"],["4311.04000000","0.11920000"],["4311.03000000","0.00240000"],["4311.02000000","0.00120000"],["4311.01000000","0.00240000"],["4311.00000000","0.05510000"],["4310.98000000","0.03730000"],["4310.97000000","0.18680000"],["4310.95000000","0.04760000"],["4310.94000000","0.07330000"],["4310.91000000","0.00250000"],["4310.90000000","0.00120000"],["4310.89000000","0.01280000"],["4310.88000000","0.02430000"],["4310.87000000","0.00250000"]],"asks":[["4311.11000000","0.79310000"],["4311.12000000","0.00120000"],["4311.13000000","0.00200000"],["4311.14000000","10.73130000"],["4311.15000000","0.00200000"],["4311.16000000","0.00360000"],["4311.17000000","0.00120000"],["4311.18000000","0.00120000"],["4311.19000000","0.01640000"],["4311.20000000","0.02310000"],["4311.21000000","0.00130000"],["4311.22000000","0.00400000"],["4311.29000000","0.01150000"],["4311.30000000","0.00800000"],["4311.31000000","0.00130000"],["4311.34000000","0.00120000"],["4311.37000000","0.02310000"],["4311.38000000","0.00130000"],["4311.39000000","0.04820000"],["4311.40000000","0.86720000"]]}