[{"timestamp":1757148899245,"lastUpdateId":21291808355,"bids":[["2.81530000","14423.60000000"],["2.81520000","482.00000000"],["2.81510000","2415.00000000"],["2.81500000","5929.10000000"],["2.81490000","4318.10000000"],["2.81480000","13178.50000000"],["2.81470000","15685.30000000"],["2.81460000","15525.60000000"],["2.81450000","19673.50000000"],["2.81440000","22888.60000000"],["2.81430000","14311.90000000"],["2.81420000","4634.40000000"],["2.81410000","10976.90000000"],["2.81400000","12402.90000000"],["2.81390000","13575.70000000"],["2.81380000","11478.60000000"],["2.81370000","34189.90000000"],["2.81360000","15202.10000000"],["2.81350000","9893.70000000"],["2.81340000","2204.00000000"]],"asks":[["2.81540000","25827.00000000"],["2.81550000","30743.40000000"],["2.81560000","30276.20000000"],["2.81570000","26049.10000000"],["2.81580000","31643.00000000"],["2.81590000","39713.20000000"],["2.81600000","28204.30000000"],["2.81610000","14795.80000000"],["2.81620000","26331.50000000"],["2.81630000","23198.80000000"],["2.81640000","5195.70000000"],["2.81650000","5049.30000000"],["2.81660000","19305.40000000"],["2.81670000","10806.10000000"],["2.81680000","7666.50000000"],["2.81690000","5534.90000000"],["2.81700000","7638.80000000"],["2.81710000","11516.60000000"],["2.81720000","19694.20000000"],["2.81730000","7484.40000000"]]},{"timestamp":1757148869244,"lastUpdateId":21291807856,"bids":[["2.81530000","14423.60000000"],["2.81520000","482.00000000"],["2.81510000","2415.00000000"],["2.81500000","5929.10000000"],["2.81490000","4318.10000000"],["2.81480000","13178.50000000"],["2.81470000","15685.30000000"],["2.81460000","15525.60000000"],["2.81450000","19673.50000000"],["2.81440000","22888.60000000"],["2.81430000","14311.90000000"],["2.81420000","4634.40000000"],["2.81410000","10976.90000000"],["2.81400000","12402.90000000"],["2.81390000","13575.70000000"],["2.81380000","11478.60000000"],["2.81370000","34189.90000000"],["2.81360000","15202.10000000"],["2.81350000","9893.70000000"],["2.81340000","2204.00000000"]],"asks":[["2.81540000","25827.00000000"],["2.81550000","30743.40000000"],["2.81560000","30276.20000000"],["2.81570000","26049.10000000"],["2.81580000","31643.00000000"],["2.81590000","39713.20000000"],["2.81600000","28204.30000000"],["2.81610000","14795.80000000"],["2.81620000","26331.50000000"],["2.81630000","23198.80000000"],["2.81640000","5195.70000000"],["2.81650000","5049.30000000"],["2.81660000","19305.40000000"],["2.81670000","10806.10000000"],["2.81680000","7666.50000000"],["2.81690000","5534.90000000"],["2.81700000","7638.80000000"],["2.81710000","11516.60000000"],["2.81720000","19694.20000000"],["2.81730000","7484.40000000"]]},{"timestamp":1757148869244,"lastUpdateId":21291807856,"bids":[["2.81530000","6059.10000000"],["2.81520000","475.10000000"],["2.81510000","2147.60000000"],["2.81500000","7263.50000000"],["2.81490000","2671.20000000"],["2.81480000","7528.70000000"],["2.81470000","15507.80000000"],["2.81460000","13783.90000000"],["2.81450000","14350.90000000"],["2.81440000","23458.20000000"],["2.81430000","14831.60000000"],["2.81420000","5848.70000000"],["2.81410000","11023.70000000"],["2.81400000","11433.80000000"],["2.81390000","11157.70000000"],["2.81380000","14419.30000000"],["2.81370000","32207.70000000"],["2.81360000","15161.50000000"],["2.81350000","9893.70000000"],["2.81340000","2204.00000000"]],"asks":[["2.81540000","42599.80000000"],["2.81550000","45749.10000000"],["2.81560000","38200.10000000"],["2.81570000","26190.00000000"],["2.81580000","38890.00000000"],["2.81590000","38878.00000000"],["2.81600000","26620.50000000"],["2.81610000","14511.90000000"],["2.81620000","26331.50000000"],["2.81630000","23198.80000000"],["2.81640000","5195.70000000"],["2.81650000","5333.20000000"],["2.81660000","19305.40000000"],["2.81670000","10806.10000000"],["2.81680000","5984.80000000"],["2.81690000","2594.10000000"],["2.81700000","7638.80000000"],["2.81710000","11516.60000000"],["2.81720000","19741.00000000"],["2.81730000","7484.40000000"]]},{"timestamp":1757148839244,"lastUpdateId":21291806237,"bids":[["2.81590000","1344.20000000"],["2.81580000","1448.60000000"],["2.81570000","13.10000000"],["2.81560000","999.70000000"],["2.81550000","6338.00000000"],["2.81540000","5141.70000000"],["2.81530000","14423.60000000"],["2.81520000","482.00000000"],["2.81510000","2415.00000000"],["2.81500000","5929.10000000"],["2.81490000","4318.10000000"],["2.81480000","13178.50000000"],["2.81470000","15685.30000000"],["2.81460000","15525.60000000"],["2.81450000","19673.50000000"],["2.81440000","22888.60000000"],["2.81430000","14311.90000000"],["2.81420000","4634.40000000"],["2.81410000","10976.90000000"],["2.81400000","12402.90000000"]],"asks":[["2.81600000","28204.30000000"],["2.81610000","14795.80000000"],["2.81620000","26331.50000000"],["2.81630000","23198.80000000"],["2.81640000","5195.70000000"],["2.81650000","5049.30000000"],["2.81660000","19305.40000000"],["2.81670000","10806.10000000"],["2.81680000","7666.50000000"],["2.81690000","5534.90000000"],["2.81700000","7638.80000000"],["2.81710000","11516.60000000"],["2.81720000","19694.20000000"],["2.81730000","7484.40000000"],["2.81740000","6153.80000000"],["2.81750000","7963.50000000"],["2.81760000","10112.30000000"],["2.81770000","10936.20000000"],["2.81780000","16829.10000000"],["2.81790000","7448.90000000"]]},{"timestamp":1757148839244,"lastUpdateId":21291806237,"bids":[["2.81590000","1344.20000000"],["2.81580000","1448.60000000"],["2.81570000","13.10000000"],["2.81560000","999.70000000"],["2.81550000","6338.00000000"],["2.81540000","5141.70000000"],["2.81530000","6059.10000000"],["2.81520000","475.10000000"],["2.81510000","2147.60000000"],["2.81500000","7263.50000000"],["2.81490000","2671.20000000"],["2.81480000","7528.70000000"],["2.81470000","15507.80000000"],["2.81460000","13783.90000000"],["2.81450000","14350.90000000"],["2.81440000","23458.20000000"],["2.81430000","14831.60000000"],["2.81420000","5848.70000000"],["2.81410000","11023.70000000"],["2.81400000","11433.80000000"]],"asks":[["2.81600000","26620.50000000"],["2.81610000","14511.90000000"],["2.81620000","26331.50000000"],["2.81630000","23198.80000000"],["2.81640000","5195.70000000"],["2.81650000","5333.20000000"],["2.81660000","19305.40000000"],["2.81670000","10806.10000000"],["2.81680000","5984.80000000"],["2.81690000","2594.10000000"],["2.81700000","7638.80000000"],["2.81710000","11516.60000000"],["2.81720000","19741.00000000"],["2.81730000","7484.40000000"],["2.81740000","9094.10000000"],["2.81750000","7963.50000000"],["2.81760000","10112.30000000"],["2.81770000","10581.10000000"],["2.81780000","16829.10000000"],["2.81790000","7448.90000000"]]},{"timestamp":1757148839244,"lastUpdateId":21291806237,"bids":[["2.81590000","14846.40000000"],["2.81580000","26223.30000000"],["2.81570000","17139.20000000"],["2.81560000","8946.10000000"],["2.81550000","21850.00000000"],["2.81540000","33320.00000000"],["2.81530000","25985.50000000"],["2.81520000","8753.70000000"],["2.81510000","28188.50000000"],["2.81500000","10412.20000000"],["2.81490000","19023.20000000"],["2.81480000","12488.60000000"],["2.81470000","6742.30000000"],["2.81460000","2697.20000000"],["2.81450000","15520.80000000"],["2.81440000","15473.10000000"],["2.81430000","4609.20000000"],["2.81420000","3257.20000000"],["2.81410000","9781.90000000"],["2.81400000","11433.80000000"]],"asks":[["2.81600000","21296.10000000"],["2.81610000","20195.60000000"],["2.81620000","21772.90000000"],["2.81630000","31860.50000000"],["2.81640000","9316.20000000"],["2.81650000","6688.70000000"],["2.81660000","20043.10000000"],["2.81670000","8857.00000000"],["2.81680000","9605.00000000"],["2.81690000","9612.10000000"],["2.81700000","7116.60000000"],["2.81710000","9061.00000000"],["2.81720000","18625.50000000"],["2.81730000","5802.30000000"],["2.81740000","5929.40000000"],["2.81750000","10972.90000000"],["2.81760000","10112.30000000"],["2.81770000","11021.50000000"],["2.81780000","16834.10000000"],["2.81790000","7885.50000000"]]},{"timestamp":1757148809238,"lastUpdateId":21291805776,"bids":[["2.81590000","1344.20000000"],["2.81580000","1448.60000000"],["2.81570000","13.10000000"],["2.81560000","999.70000000"],["2.81550000","6338.00000000"],["2.81540000","5141.70000000"],["2.81530000","14423.60000000"],["2.81520000","482.00000000"],["2.81510000","2415.00000000"],["2.81500000","5929.10000000"],["2.81490000","4318.10000000"],["2.81480000","13178.50000000"],["2.81470000","15685.30000000"],["2.81460000","15525.60000000"],["2.81450000","19673.50000000"],["2.81440000","22888.60000000"],["2.81430000","14311.90000000"],["2.81420000","4634.40000000"],["2.81410000","10976.90000000"],["2.81400000","12402.90000000"]],"asks":[["2.81600000","28204.30000000"],["2.81610000","14795.80000000"],["2.81620000","26331.50000000"],["2.81630000","23198.80000000"],["2.81640000","5195.70000000"],["2.81650000","5049.30000000"],["2.81660000","19305.40000000"],["2.81670000","10806.10000000"],["2.81680000","7666.50000000"],["2.81690000","5534.90000000"],["2.81700000","7638.80000000"],["2.81710000","11516.60000000"],["2.81720000","19694.20000000"],["2.81730000","7484.40000000"],["2.81740000","6153.80000000"],["2.81750000","7963.50000000"],["2.81760000","10112.30000000"],["2.81770000","10936.20000000"],["2.81780000","16829.10000000"],["2.81790000","7448.90000000"]]},{"timestamp":1757148809238,"lastUpdateId":21291805776,"bids":[["2.81590000","1344.20000000"],["2.81580000","1448.60000000"],["2.81570000","13.10000000"],["2.81560000","999.70000000"],["2.81550000","6338.00000000"],["2.81540000","5141.70000000"],["2.81530000","6059.10000000"],["2.81520000","475.10000000"],["2.81510000","2147.60000000"],["2.81500000","7263.50000000"],["2.81490000","2671.20000000"],["2.81480000","7528.70000000"],["2.81470000","15507.80000000"],["2.81460000","13783.90000000"],["2.81450000","14350.90000000"],["2.81440000","23458.20000000"],["2.81430000","14831.60000000"],["2.81420000","5848.70000000"],["2.81410000","11023.70000000"],["2.81400000","11433.80000000"]],"asks":[["2.81600000","26620.50000000"],["2.81610000","14511.90000000"],["2.81620000","26331.50000000"],["2.81630000","23198.80000000"],["2.81640000","5195.70000000"],["2.81650000","5333.20000000"],["2.81660000","19305.40000000"],["2.81670000","10806.10000000"],["2.81680000","5984.80000000"],["2.81690000","2594.10000000"],["2.81700000","7638.80000000"],["2.81710000","11516.60000000"],["2.81720000","19741.00000000"],["2.81730000","7484.40000000"],["2.81740000","9094.10000000"],["2.81750000","7963.50000000"],["2.81760000","10112.30000000"],["2.81770000","10581.10000000"],["2.81780000","16829.10000000"],["2.81790000","7448.90000000"]]},{"timestamp":1757148809238,"lastUpdateId":21291805776,"bids":[["2.81590000","14846.40000000"],["2.81580000","26223.30000000"],["2.81570000","17139.20000000"],["2.81560000","8946.10000000"],["2.81550000","21850.00000000"],["2.81540000","33320.00000000"],["2.81530000","25985.50000000"],["2.81520000","8753.70000000"],["2.81510000","28188.50000000"],["2.81500000","10412.20000000"],["2.81490000","19023.20000000"],["2.81480000","12488.60000000"],["2.81470000","6742.30000000"],["2.81460000","2697.20000000"],["2.81450000","15520.80000000"],["2.81440000","15473.10000000"],["2.81430000","4609.20000000"],["2.81420000","3257.20000000"],["2.81410000","9781.90000000"],["2.81400000","11433.80000000"]],"asks":[["2.81600000","21296.10000000"],["2.81610000","20195.60000000"],["2.81620000","21772.90000000"],["2.81630000","31860.50000000"],["2.81640000","9316.20000000"],["2.81650000","6688.70000000"],["2.81660000","20043.10000000"],["2.81670000","8857.00000000"],["2.81680000","9605.00000000"],["2.81690000","9612.10000000"],["2.81700000","7116.60000000"],["2.81710000","9061.00000000"],["2.81720000","18625.50000000"],["2.81730000","5802.30000000"],["2.81740000","5929.40000000"],["2.81750000","10972.90000000"],["2.81760000","10112.30000000"],["2.81770000","11021.50000000"],["2.81780000","16834.10000000"],["2.81790000","7885.50000000"]]},{"timestamp":1757148809238,"lastUpdateId":21291805776,"bids":[["2.81590000","19443.60000000"],["2.81580000","26431.30000000"],["2.81570000","17139.20000000"],["2.81560000","8758.10000000"],["2.81550000","22009.00000000"],["2.81540000","33338.50000000"],["2.81530000","26227.20000000"],["2.81520000","7995.30000000"],["2.81510000","22862.50000000"],["2.81500000","15618.30000000"],["2.81490000","19004.70000000"],["2.81480000","13702.90000000"],["2.81470000","6742.30000000"],["2.81460000","2697.20000000"],["2.81450000","15101.80000000"],["2.81440000","15473.10000000"],["2.81430000","5028.20000000"],["2.81420000","3257.20000000"],["2.81410000","9781.90000000"],["2.81400000","11435.90000000"]],"asks":[["2.81600000","21210.70000000"],["2.81610000","18997.10000000"],["2.81620000","24735.30000000"],["2.81630000","31321.80000000"],["2.81640000","9314.20000000"],["2.81650000","6688.70000000"],["2.81660000","20122.50000000"],["2.81670000","8573.10000000"],["2.81680000","8362.70000000"],["2.81690000","9629.00000000"],["2.81700000","8175.20000000"],["2.81710000","9061.00000000"],["2.81720000","17783.10000000"],["2.81730000","5802.30000000"],["2.81740000","6369.80000000"],["2.81750000","10972.90000000"],["2.81760000","10112.30000000"],["2.81770000","10581.10000000"],["2.81780000","15768.80000000"],["2.81790000","7885.50000000"]]},{"timestamp":1757148779231,"lastUpdateId":21291804713,"bids":[["2.81570000","13.10000000"],["2.81560000","999.70000000"],["2.81550000","6338.00000000"],["2.81540000","5141.70000000"],["2.81530000","14423.60000000"],["2.81520000","482.00000000"],["2.81510000","2415.00000000"],["2.81500000","5929.10000000"],["2.81490000","4318.10000000"],["2.81480000","13178.50000000"],["2.81470000","15685.30000000"],["2.81460000","15525.60000000"],["2.81450000","19673.50000000"],["2.81440000","22888.60000000"],["2.81430000","14311.90000000"],["2.81420000","4634.40000000"],["2.81410000","10976.90000000"],["2.81400000","12402.90000000"],["2.81390000","13575.70000000"],["2.81380000","11478.60000000"]],"asks":[["2.81580000","7371.80000000"],["2.81590000","3076.80000000"],["2.81600000","28204.30000000"],["2.81610000","14795.80000000"],["2.81620000","26331.50000000"],["2.81630000","23198.80000000"],["2.81640000","5195.70000000"],["2.81650000","5049.30000000"],["2.81660000","19305.40000000"],["2.81670000","10806.10000000"],["2.81680000","7666.50000000"],["2.81690000","5534.90000000"],["2.81700000","7638.80000000"],["2.81710000","11516.60000000"],["2.81720000","19694.20000000"],["2.81730000","7484.40000000"],["2.81740000","6153.80000000"],["2.81750000","7963.50000000"],["2.81760000","10112.30000000"],["2.81770000","10936.20000000"]]},{"timestamp":1757148779231,"lastUpdateId":21291804713,"bids":[["2.81570000","13.10000000"],["2.81560000","999.70000000"],["2.81550000","6338.00000000"],["2.81540000","5141.70000000"],["2.81530000","6059.10000000"],["2.81520000","475.10000000"],["2.81510000","2147.60000000"],["2.81500000","7263.50000000"],["2.81490000","2671.20000000"],["2.81480000","7528.70000000"],["2.81470000","15507.80000000"],["2.81460000","13783.90000000"],["2.81450000","14350.90000000"],["2.81440000","23458.20000000"],["2.81430000","14831.60000000"],["2.81420000","5848.70000000"],["2.81410000","11023.70000000"],["2.81400000","11433.80000000"],["2.81390000","11157.70000000"],["2.81380000","14419.30000000"]],"asks":[["2.81580000","7371.80000000"],["2.81590000","3076.80000000"],["2.81600000","26620.50000000"],["2.81610000","14511.90000000"],["2.81620000","26331.50000000"],["2.81630000","23198.80000000"],["2.81640000","5195.70000000"],["2.81650000","5333.20000000"],["2.81660000","19305.40000000"],["2.81670000","10806.10000000"],["2.81680000","5984.80000000"],["2.81690000","2594.10000000"],["2.81700000","7638.80000000"],["2.81710000","11516.60000000"],["2.81720000","19741.00000000"],["2.81730000","7484.40000000"],["2.81740000","9094.10000000"],["2.81750000","7963.50000000"],["2.81760000","10112.30000000"],["2.81770000","10581.10000000"]]},{"timestamp":1757148779231,"lastUpdateId":21291804713,"bids":[["2.81570000","17139.20000000"],["2.81560000","8946.10000000"],["2.81550000","21850.00000000"],["2.81540000","33320.00000000"],["2.81530000","25985.50000000"],["2.81520000","8753.70000000"],["2.81510000","28188.50000000"],["2.81500000","10412.20000000"],["2.81490000","19023.20000000"],["2.81480000","12488.60000000"],["2.81470000","6742.30000000"],["2.81460000","2697.20000000"],["2.81450000","15520.80000000"],["2.81440000","15473.10000000"],["2.81430000","4609.20000000"],["2.81420000","3257.20000000"],["2.81410000","9781.90000000"],["2.81400000","11433.80000000"],["2.81390000","9267.20000000"],["2.81380000","8250.20000000"]],"asks":[["2.81580000","7371.80000000"],["2.81590000","3076.80000000"],["2.81600000","21296.10000000"],["2.81610000","20195.60000000"],["2.81620000","21772.90000000"],["2.81630000","31860.50000000"],["2.81640000","9316.20000000"],["2.81650000","6688.70000000"],["2.81660000","20043.10000000"],["2.81670000","8857.00000000"],["2.81680000","9605.00000000"],["2.81690000","9612.10000000"],["2.81700000","7116.60000000"],["2.81710000","9061.00000000"],["2.81720000","18625.50000000"],["2.81730000","5802.30000000"],["2.81740000","5929.40000000"],["2.81750000","10972.90000000"],["2.81760000","10112.30000000"],["2.81770000","11021.50000000"]]},{"timestamp":1757148779231,"lastUpdateId":21291804713,"bids":[["2.81570000","17139.20000000"],["2.81560000","8758.10000000"],["2.81550000","22009.00000000"],["2.81540000","33338.50000000"],["2.81530000","26227.20000000"],["2.81520000","7995.30000000"],["2.81510000","22862.50000000"],["2.81500000","15618.30000000"],["2.81490000","19004.70000000"],["2.81480000","13702.90000000"],["2.81470000","6742.30000000"],["2.81460000","2697.20000000"],["2.81450000","15101.80000000"],["2.81440000","15473.10000000"],["2.81430000","5028.20000000"],["2.81420000","3257.20000000"],["2.81410000","9781.90000000"],["2.81400000","11435.90000000"],["2.81390000","9267.20000000"],["2.81380000","8250.20000000"]],"asks":[["2.81580000","7371.80000000"],["2.81590000","3076.80000000"],["2.81600000","21210.70000000"],["2.81610000","18997.10000000"],["2.81620000","24735.30000000"],["2.81630000","31321.80000000"],["2.81640000","9314.20000000"],["2.81650000","6688.70000000"],["2.81660000","20122.50000000"],["2.81670000","8573.10000000"],["2.81680000","8362.70000000"],["2.81690000","9629.00000000"],["2.81700000","8175.20000000"],["2.81710000","9061.00000000"],["2.81720000","17783.10000000"],["2.81730000","5802.30000000"],["2.81740000","6369.80000000"],["2.81750000","10972.90000000"],["2.81760000","10112.30000000"],["2.81770000","10581.10000000"]]},{"timestamp":1757148779231,"lastUpdateId":21291804713,"bids":[["2.81570000","20539.70000000"],["2.81560000","10048.50000000"],["2.81550000","21085.30000000"],["2.81540000","25792.80000000"],["2.81530000","26153.00000000"],["2.81520000","1862.20000000"],["2.81510000","5400.60000000"],["2.81500000","14475.20000000"],["2.81490000","16982.00000000"],["2.81480000","8292.10000000"],["2.81470000","19544.70000000"],["2.81460000","4477.40000000"],["2.81450000","19810.60000000"],["2.81440000","12534.60000000"],["2.81430000","5870.80000000"],["2.81420000","6197.30000000"],["2.81410000","9781.90000000"],["2.81400000","13297.30000000"],["2.81390000","8603.20000000"],["2.81380000","8843.40000000"]],"asks":[["2.81580000","7513.90000000"],["2.81590000","29138.80000000"],["2.81600000","74777.60000000"],["2.81610000","34265.50000000"],["2.81620000","42113.80000000"],["2.81630000","39573.90000000"],["2.81640000","10361.30000000"],["2.81650000","4851.00000000"],["2.81660000","19996.40000000"],["2.81670000","7332.40000000"],["2.81680000","5986.80000000"],["2.81690000","2507.60000000"],["2.81700000","8173.20000000"],["2.81710000","9061.00000000"],["2.81720000","18580.70000000"],["2.81730000","8741.20000000"],["2.81740000","6833.40000000"],["2.81750000","8032.60000000"],["2.81760000","10112.30000000"],["2.81770000","10581.10000000"]]},{"timestamp":1757148749232,"lastUpdateId":21291802397,"bids":[["2.81590000","26863.40000000"],["2.81580000","36005.20000000"],["2.81570000","13.10000000"],["2.81560000","999.70000000"],["2.81550000","6338.00000000"],["2.81540000","5141.70000000"],["2.81530000","14423.60000000"],["2.81520000","482.00000000"],["2.81510000","2415.00000000"],["2.81500000","5929.10000000"],["2.81490000","4318.10000000"],["2.81480000","13178.50000000"],["2.81470000","15685.30000000"],["2.81460000","15525.60000000"],["2.81450000","19673.50000000"],["2.81440000","22888.60000000"],["2.81430000","14311.90000000"],["2.81420000","4634.40000000"],["2.81410000","10976.90000000"],["2.81400000","12402.90000000"]],"asks":[["2.81600000","3115.00000000"],["2.81610000","5238.90000000"],["2.81620000","527.20000000"],["2.81630000","23198.80000000"],["2.81640000","5195.70000000"],["2.81650000","5049.30000000"],["2.81660000","19305.40000000"],["2.81670000","10806.10000000"],["2.81680000","7666.50000000"],["2.81690000","5534.90000000"],["2.81700000","7638.80000000"],["2.81710000","11516.60000000"],["2.81720000","19694.20000000"],["2.81730000","7484.40000000"],["2.81740000","6153.80000000"],["2.81750000","7963.50000000"],["2.81760000","10112.30000000"],["2.81770000","10936.20000000"],["2.81780000","16829.10000000"],["2.81790000","7448.90000000"]]},{"timestamp":1757148749232,"lastUpdateId":21291802397,"bids":[["2.81590000","26863.40000000"],["2.81580000","36005.20000000"],["2.81570000","13.10000000"],["2.81560000","999.70000000"],["2.81550000","6338.00000000"],["2.81540000","5141.70000000"],["2.81530000","6059.10000000"],["2.81520000","475.10000000"],["2.81510000","2147.60000000"],["2.81500000","7263.50000000"],["2.81490000","2671.20000000"],["2.81480000","7528.70000000"],["2.81470000","15507.80000000"],["2.81460000","13783.90000000"],["2.81450000","14350.90000000"],["2.81440000","23458.20000000"],["2.81430000","14831.60000000"],["2.81420000","5848.70000000"],["2.81410000","11023.70000000"],["2.81400000","11433.80000000"]],"asks":[["2.81600000","3115.00000000"],["2.81610000","5238.90000000"],["2.81620000","527.20000000"],["2.81630000","23198.80000000"],["2.81640000","5195.70000000"],["2.81650000","5333.20000000"],["2.81660000","19305.40000000"],["2.81670000","10806.10000000"],["2.81680000","5984.80000000"],["2.81690000","2594.10000000"],["2.81700000","7638.80000000"],["2.81710000","11516.60000000"],["2.81720000","19741.00000000"],["2.81730000","7484.40000000"],["2.81740000","9094.10000000"],["2.81750000","7963.50000000"],["2.81760000","10112.30000000"],["2.81770000","10581.10000000"],["2.81780000","16829.10000000"],["2.81790000","7448.90000000"]]},{"timestamp":1757148749232,"lastUpdateId":21291802397,"bids":[["2.81590000","26863.40000000"],["2.81580000","36005.20000000"],["2.81570000","17139.20000000"],["2.81560000","8946.10000000"],["2.81550000","21850.00000000"],["2.81540000","33320.00000000"],["2.81530000","25985.50000000"],["2.81520000","8753.70000000"],["2.81510000","28188.50000000"],["2.81500000","10412.20000000"],["2.81490000","19023.20000000"],["2.81480000","12488.60000000"],["2.81470000","6742.30000000"],["2.81460000","2697.20000000"],["2.81450000","15520.80000000"],["2.81440000","15473.10000000"],["2.81430000","4609.20000000"],["2.81420000","3257.20000000"],["2.81410000","9781.90000000"],["2.81400000","11433.80000000"]],"asks":[["2.81600000","3115.00000000"],["2.81610000","5238.90000000"],["2.81620000","527.20000000"],["2.81630000","31860.50000000"],["2.81640000","9316.20000000"],["2.81650000","6688.70000000"],["2.81660000","20043.10000000"],["2.81670000","8857.00000000"],["2.81680000","9605.00000000"],["2.81690000","9612.10000000"],["2.81700000","7116.60000000"],["2.81710000","9061.00000000"],["2.81720000","18625.50000000"],["2.81730000","5802.30000000"],["2.81740000","5929.40000000"],["2.81750000","10972.90000000"],["2.81760000","10112.30000000"],["2.81770000","11021.50000000"],["2.81780000","16834.10000000"],["2.81790000","7885.50000000"]]},{"timestamp":1757148749232,"lastUpdateId":21291802397,"bids":[["2.81590000","26863.40000000"],["2.81580000","36005.20000000"],["2.81570000","17139.20000000"],["2.81560000","8758.10000000"],["2.81550000","22009.00000000"],["2.81540000","33338.50000000"],["2.81530000","26227.20000000"],["2.81520000","7995.30000000"],["2.81510000","22862.50000000"],["2.81500000","15618.30000000"],["2.81490000","19004.70000000"],["2.81480000","13702.90000000"],["2.81470000","6742.30000000"],["2.81460000","2697.20000000"],["2.81450000","15101.80000000"],["2.81440000","15473.10000000"],["2.81430000","5028.20000000"],["2.81420000","3257.20000000"],["2.81410000","9781.90000000"],["2.81400000","11435.90000000"]],"asks":[["2.81600000","3115.00000000"],["2.81610000","5238.90000000"],["2.81620000","527.20000000"],["2.81630000","31321.80000000"],["2.81640000","9314.20000000"],["2.81650000","6688.70000000"],["2.81660000","20122.50000000"],["2.81670000","8573.10000000"],["2.81680000","8362.70000000"],["2.81690000","9629.00000000"],["2.81700000","8175.20000000"],["2.81710000","9061.00000000"],["2.81720000","17783.10000000"],["2.81730000","5802.30000000"],["2.81740000","6369.80000000"],["2.81750000","10972.90000000"],["2.81760000","10112.30000000"],["2.81770000","10581.10000000"],["2.81780000","15768.80000000"],["2.81790000","7885.50000000"]]},{"timestamp":1757148749232,"lastUpdateId":21291802397,"bids":[["2.81590000","26863.40000000"],["2.81580000","36005.20000000"],["2.81570000","20539.70000000"],["2.81560000","10048.50000000"],["2.81550000","21085.30000000"],["2.81540000","25792.80000000"],["2.81530000","26153.00000000"],["2.81520000","1862.20000000"],["2.81510000","5400.60000000"],["2.81500000","14475.20000000"],["2.81490000","16982.00000000"],["2.81480000","8292.10000000"],["2.81470000","19544.70000000"],["2.81460000","4477.40000000"],["2.81450000","19810.60000000"],["2.81440000","12534.60000000"],["2.81430000","5870.80000000"],["2.81420000","6197.30000000"],["2.81410000","9781.90000000"],["2.81400000","13297.30000000"]],"asks":[["2.81600000","3115.00000000"],["2.81610000","5238.90000000"],["2.81620000","527.20000000"],["2.81630000","39573.90000000"],["2.81640000","10361.30000000"],["2.81650000","4851.00000000"],["2.81660000","19996.40000000"],["2.81670000","7332.40000000"],["2.81680000","5986.80000000"],["2.81690000","2507.60000000"],["2.81700000","8173.20000000"],["2.81710000","9061.00000000"],["2.81720000","18580.70000000"],["2.81730000","8741.20000000"],["2.81740000","6833.40000000"],["2.81750000","8032.60000000"],["2.81760000","10112.30000000"],["2.81770000","10581.10000000"],["2.81780000","15768.80000000"],["2.81790000","7885.50000000"]]},{"timestamp":1757148749232,"lastUpdateId":21291802397,"bids":[["2.81590000","35830.30000000"],["2.81580000","35651.70000000"],["2.81570000","27494.70000000"],["2.81560000","31728.20000000"],["2.81550000","41828.00000000"],["2.81540000","48974.50000000"],["2.81530000","43922.30000000"],["2.81520000","36492.80000000"],["2.81510000","31602.00000000"],["2.81500000","17017.10000000"],["2.81490000","18223.60000000"],["2.81480000","9964.90000000"],["2.81470000","6744.30000000"],["2.81460000","2618.70000000"],["2.81450000","13418.70000000"],["2.81440000","13097.00000000"],["2.81430000","7550.00000000"],["2.81420000","3753.80000000"],["2.81410000","9726.80000000"],["2.81400000","13466.60000000"]],"asks":[["2.81600000","3115.00000000"],["2.81610000","7541.60000000"],["2.81620000","8288.30000000"],["2.81630000","2625.80000000"],["2.81640000","3406.70000000"],["2.81650000","1549.20000000"],["2.81660000","7670.20000000"],["2.81670000","14341.20000000"],["2.81680000","6363.30000000"],["2.81690000","7928.60000000"],["2.81700000","8516.60000000"],["2.81710000","9061.00000000"],["2.81720000","17785.30000000"],["2.81730000","9878.80000000"],["2.81740000","7729.80000000"],["2.81750000","6626.30000000"],["2.81760000","9122.90000000"],["2.81770000","8685.90000000"],["2.81780000","15763.80000000"],["2.81790000","7885.50000000"]]},{"timestamp":1757148719232,"lastUpdateId":21291800334,"bids":[["2.81500000","5929.10000000"],["2.81490000","4318.10000000"],["2.81480000","13178.50000000"],["2.81470000","15685.30000000"],["2.81460000","15525.60000000"],["2.81450000","19673.50000000"],["2.81440000","22888.60000000"],["2.81430000","14311.90000000"],["2.81420000","4634.40000000"],["2.81410000","10976.90000000"],["2.81400000","12402.90000000"],["2.81390000","13575.70000000"],["2.81380000","11478.60000000"],["2.81370000","34189.90000000"],["2.81360000","15202.10000000"],["2.81350000","9893.70000000"],["2.81340000","2204.00000000"],["2.81330000","9252.30000000"],["2.81320000","8417.90000000"],["2.81310000","28147.20000000"]],"asks":[["2.81510000","22482.40000000"],["2.81520000","8906.40000000"],["2.81530000","4722.80000000"],["2.81540000","8297.00000000"],["2.81550000","26907.60000000"],["2.81560000","1352.00000000"],["2.81570000","715.60000000"],["2.81580000","5236.30000000"],["2.81590000","17012.30000000"],["2.81600000","3115.00000000"],["2.81610000","5238.90000000"],["2.81620000","527.20000000"],["2.81630000","23198.80000000"],["2.81640000","5195.70000000"],["2.81650000","5049.30000000"],["2.81660000","19305.40000000"],["2.81670000","10806.10000000"],["2.81680000","7666.50000000"],["2.81690000","5534.90000000"],["2.81700000","7638.80000000"]]},{"timestamp":1757148719232,"lastUpdateId":21291800334,"bids":[["2.81500000","7263.50000000"],["2.81490000","2671.20000000"],["2.81480000","7528.70000000"],["2.81470000","15507.80000000"],["2.81460000","13783.90000000"],["2.81450000","14350.90000000"],["2.81440000","23458.20000000"],["2.81430000","14831.60000000"],["2.81420000","5848.70000000"],["2.81410000","11023.70000000"],["2.81400000","11433.80000000"],["2.81390000","11157.70000000"],["2.81380000","14419.30000000"],["2.81370000","32207.70000000"],["2.81360000","15161.50000000"],["2.81350000","9893.70000000"],["2.81340000","2204.00000000"],["2.81330000","7322.30000000"],["2.81320000","8371.10000000"],["2.81310000","30045.60000000"]],"asks":[["2.81510000","22482.40000000"],["2.81520000","8906.40000000"],["2.81530000","4722.80000000"],["2.81540000","8297.00000000"],["2.81550000","26907.60000000"],["2.81560000","1352.00000000"],["2.81570000","715.60000000"],["2.81580000","5236.30000000"],["2.81590000","17012.30000000"],["2.81600000","3115.00000000"],["2.81610000","5238.90000000"],["2.81620000","527.20000000"],["2.81630000","23198.80000000"],["2.81640000","5195.70000000"],["2.81650000","5333.20000000"],["2.81660000","19305.40000000"],["2.81670000","10806.10000000"],["2.81680000","5984.80000000"],["2.81690000","2594.10000000"],["2.81700000","7638.80000000"]]},{"timestamp":1757148719232,"lastUpdateId":21291800334,"bids":[["2.81500000","10412.20000000"],["2.81490000","19023.20000000"],["2.81480000","12488.60000000"],["2.81470000","6742.30000000"],["2.81460000","2697.20000000"],["2.81450000","15520.80000000"],["2.81440000","15473.10000000"],["2.81430000","4609.20000000"],["2.81420000","3257.20000000"],["2.81410000","9781.90000000"],["2.81400000","11433.80000000"],["2.81390000","9267.20000000"],["2.81380000","8250.20000000"],["2.81370000","32207.70000000"],["2.81360000","15336.50000000"],["2.81350000","9893.70000000"],["2.81340000","4231.10000000"],["2.81330000","11557.30000000"],["2.81320000","8371.10000000"],["2.81310000","28147.20000000"]],"asks":[["2.81510000","22482.40000000"],["2.81520000","8906.40000000"],["2.81530000","4722.80000000"],["2.81540000","8297.00000000"],["2.81550000","26907.60000000"],["2.81560000","1352.00000000"],["2.81570000","715.60000000"],["2.81580000","5236.30000000"],["2.81590000","17012.30000000"],["2.81600000","3115.00000000"],["2.81610000","5238.90000000"],["2.81620000","527.20000000"],["2.81630000","31860.50000000"],["2.81640000","9316.20000000"],["2.81650000","6688.70000000"],["2.81660000","20043.10000000"],["2.81670000","8857.00000000"],["2.81680000","9605.00000000"],["2.81690000","9612.10000000"],["2.81700000","7116.60000000"]]},{"timestamp":1757148719232,"lastUpdateId":21291800334,"bids":[["2.81500000","15618.30000000"],["2.81490000","19004.70000000"],["2.81480000","13702.90000000"],["2.81470000","6742.30000000"],["2.81460000","2697.20000000"],["2.81450000","15101.80000000"],["2.81440000","15473.10000000"],["2.81430000","5028.20000000"],["2.81420000","3257.20000000"],["2.81410000","9781.90000000"],["2.81400000","11435.90000000"],["2.81390000","9267.20000000"],["2.81380000","8250.20000000"],["2.81370000","32207.70000000"],["2.81360000","15156.50000000"],["2.81350000","9893.70000000"],["2.81340000","4231.10000000"],["2.81330000","11557.30000000"],["2.81320000","7305.80000000"],["2.81310000","28147.20000000"]],"asks":[["2.81510000","22482.40000000"],["2.81520000","8906.40000000"],["2.81530000","4722.80000000"],["2.81540000","8297.00000000"],["2.81550000","26907.60000000"],["2.81560000","1352.00000000"],["2.81570000","715.60000000"],["2.81580000","5236.30000000"],["2.81590000","17012.30000000"],["2.81600000","3115.00000000"],["2.81610000","5238.90000000"],["2.81620000","527.20000000"],["2.81630000","31321.80000000"],["2.81640000","9314.20000000"],["2.81650000","6688.70000000"],["2.81660000","20122.50000000"],["2.81670000","8573.10000000"],["2.81680000","8362.70000000"],["2.81690000","9629.00000000"],["2.81700000","8175.20000000"]]},{"timestamp":1757148719232,"lastUpdateId":21291800334,"bids":[["2.81500000","14475.20000000"],["2.81490000","16982.00000000"],["2.81480000","8292.10000000"],["2.81470000","19544.70000000"],["2.81460000","4477.40000000"],["2.81450000","19810.60000000"],["2.81440000","12534.60000000"],["2.81430000","5870.80000000"],["2.81420000","6197.30000000"],["2.81410000","9781.90000000"],["2.81400000","13297.30000000"],["2.81390000","8603.20000000"],["2.81380000","8843.40000000"],["2.81370000","32211.30000000"],["2.81360000","10110.70000000"],["2.81350000","5710.60000000"],["2.81340000","4231.10000000"],["2.81330000","13187.50000000"],["2.81320000","8371.30000000"],["2.81310000","27483.20000000"]],"asks":[["2.81510000","22482.40000000"],["2.81520000","8906.40000000"],["2.81530000","4722.80000000"],["2.81540000","8297.00000000"],["2.81550000","26907.60000000"],["2.81560000","1352.00000000"],["2.81570000","715.60000000"],["2.81580000","5236.30000000"],["2.81590000","17012.30000000"],["2.81600000","3115.00000000"],["2.81610000","5238.90000000"],["2.81620000","527.20000000"],["2.81630000","39573.90000000"],["2.81640000","10361.30000000"],["2.81650000","4851.00000000"],["2.81660000","19996.40000000"],["2.81670000","7332.40000000"],["2.81680000","5986.80000000"],["2.81690000","2507.60000000"],["2.81700000","8173.20000000"]]},{"timestamp":1757148719232,"lastUpdateId":21291800334,"bids":[["2.81500000","17017.10000000"],["2.81490000","18223.60000000"],["2.81480000","9964.90000000"],["2.81470000","6744.30000000"],["2.81460000","2618.70000000"],["2.81450000","13418.70000000"],["2.81440000","13097.00000000"],["2.81430000","7550.00000000"],["2.81420000","3753.80000000"],["2.81410000","9726.80000000"],["2.81400000","13466.60000000"],["2.81390000","8309.00000000"],["2.81380000","5548.40000000"],["2.81370000","17134.10000000"],["2.81360000","10229.50000000"],["2.81350000","9267.30000000"],["2.81340000","18720.30000000"],["2.81330000","12832.50000000"],["2.81320000","9436.90000000"],["2.81310000","28548.80000000"]],"asks":[["2.81510000","22482.40000000"],["2.81520000","8906.40000000"],["2.81530000","4722.80000000"],["2.81540000","8297.00000000"],["2.81550000","26907.60000000"],["2.81560000","1352.00000000"],["2.81570000","715.60000000"],["2.81580000","5236.30000000"],["2.81590000","17012.30000000"],["2.81600000","3115.00000000"],["2.81610000","7541.60000000"],["2.81620000","8288.30000000"],["2.81630000","2625.80000000"],["2.81640000","3406.70000000"],["2.81650000","1549.20000000"],["2.81660000","7670.20000000"],["2.81670000","14341.20000000"],["2.81680000","6363.30000000"],["2.81690000","7928.60000000"],["2.81700000","8516.60000000"]]},{"timestamp":1757148719232,"lastUpdateId":21291800334,"bids":[["2.81500000","22232.90000000"],["2.81490000","15.10000000"],["2.81480000","1606.70000000"],["2.81470000","3125.60000000"],["2.81460000","1535.60000000"],["2.81450000","5280.50000000"],["2.81440000","22372.10000000"],["2.81430000","15159.10000000"],["2.81420000","11498.60000000"],["2.81410000","20666.10000000"],["2.81400000","14771.80000000"],["2.81390000","10078.00000000"],["2.81380000","7146.70000000"],["2.81370000","20076.70000000"],["2.81360000","10091.30000000"],["2.81350000","8674.30000000"],["2.81340000","18832.70000000"],["2.81330000","5724.10000000"],["2.81320000","9436.90000000"],["2.81310000","28548.80000000"]],"asks":[["2.81510000","20992.40000000"],["2.81520000","8906.40000000"],["2.81530000","23015.40000000"],["2.81540000","34445.20000000"],["2.81550000","24434.70000000"],["2.81560000","28533.60000000"],["2.81570000","21100.60000000"],["2.81580000","11998.80000000"],["2.81590000","18200.70000000"],["2.81600000","27062.80000000"],["2.81610000","4342.50000000"],["2.81620000","3233.20000000"],["2.81630000","6288.40000000"],["2.81640000","3881.00000000"],["2.81650000","10207.00000000"],["2.81660000","20521.00000000"],["2.81670000","14113.70000000"],["2.81680000","6687.70000000"],["2.81690000","5968.60000000"],["2.81700000","7387.20000000"]]},{"timestamp":1757148689231,"lastUpdateId":21291799490,"bids":[["2.81510000","5659.90000000"],["2.81500000","5929.10000000"],["2.81490000","4318.10000000"],["2.81480000","13178.50000000"],["2.81470000","15685.30000000"],["2.81460000","15525.60000000"],["2.81450000","19673.50000000"],["2.81440000","22888.60000000"],["2.81430000","14311.90000000"],["2.81420000","4634.40000000"],["2.81410000","10976.90000000"],["2.81400000","12402.90000000"],["2.81390000","13575.70000000"],["2.81380000","11478.60000000"],["2.81370000","34189.90000000"],["2.81360000","15202.10000000"],["2.81350000","9893.70000000"],["2.81340000","2204.00000000"],["2.81330000","9252.30000000"],["2.81320000","8417.90000000"]],"asks":[["2.81520000","8906.40000000"],["2.81530000","4722.80000000"],["2.81540000","8297.00000000"],["2.81550000","26907.60000000"],["2.81560000","1352.00000000"],["2.81570000","715.60000000"],["2.81580000","5236.30000000"],["2.81590000","17012.30000000"],["2.81600000","3115.00000000"],["2.81610000","5238.90000000"],["2.81620000","527.20000000"],["2.81630000","23198.80000000"],["2.81640000","5195.70000000"],["2.81650000","5049.30000000"],["2.81660000","19305.40000000"],["2.81670000","10806.10000000"],["2.81680000","7666.50000000"],["2.81690000","5534.90000000"],["2.81700000","7638.80000000"],["2.81710000","11516.60000000"]]},{"timestamp":1757148689231,"lastUpdateId":21291799490,"bids":[["2.81510000","5659.90000000"],["2.81500000","7263.50000000"],["2.81490000","2671.20000000"],["2.81480000","7528.70000000"],["2.81470000","15507.80000000"],["2.81460000","13783.90000000"],["2.81450000","14350.90000000"],["2.81440000","23458.20000000"],["2.81430000","14831.60000000"],["2.81420000","5848.70000000"],["2.81410000","11023.70000000"],["2.81400000","11433.80000000"],["2.81390000","11157.70000000"],["2.81380000","14419.30000000"],["2.81370000","32207.70000000"],["2.81360000","15161.50000000"],["2.81350000","9893.70000000"],["2.81340000","2204.00000000"],["2.81330000","7322.30000000"],["2.81320000","8371.10000000"]],"asks":[["2.81520000","8906.40000000"],["2.81530000","4722.80000000"],["2.81540000","8297.00000000"],["2.81550000","26907.60000000"],["2.81560000","1352.00000000"],["2.81570000","715.60000000"],["2.81580000","5236.30000000"],["2.81590000","17012.30000000"],["2.81600000","3115.00000000"],["2.81610000","5238.90000000"],["2.81620000","527.20000000"],["2.81630000","23198.80000000"],["2.81640000","5195.70000000"],["2.81650000","5333.20000000"],["2.81660000","19305.40000000"],["2.81670000","10806.10000000"],["2.81680000","5984.80000000"],["2.81690000","2594.10000000"],["2.81700000","7638.80000000"],["2.81710000","11516.60000000"]]},{"timestamp":1757148689231,"lastUpdateId":21291799490,"bids":[["2.81510000","5659.90000000"],["2.81500000","10412.20000000"],["2.81490000","19023.20000000"],["2.81480000","12488.60000000"],["2.81470000","6742.30000000"],["2.81460000","2697.20000000"],["2.81450000","15520.80000000"],["2.81440000","15473.10000000"],["2.81430000","4609.20000000"],["2.81420000","3257.20000000"],["2.81410000","9781.90000000"],["2.81400000","11433.80000000"],["2.81390000","9267.20000000"],["2.81380000","8250.20000000"],["2.81370000","32207.70000000"],["2.81360000","15336.50000000"],["2.81350000","9893.70000000"],["2.81340000","4231.10000000"],["2.81330000","11557.30000000"],["2.81320000","8371.10000000"]],"asks":[["2.81520000","8906.40000000"],["2.81530000","4722.80000000"],["2.81540000","8297.00000000"],["2.81550000","26907.60000000"],["2.81560000","1352.00000000"],["2.81570000","715.60000000"],["2.81580000","5236.30000000"],["2.81590000","17012.30000000"],["2.81600000","3115.00000000"],["2.81610000","5238.90000000"],["2.81620000","527.20000000"],["2.81630000","31860.50000000"],["2.81640000","9316.20000000"],["2.81650000","6688.70000000"],["2.81660000","20043.10000000"],["2.81670000","8857.00000000"],["2.81680000","9605.00000000"],["2.81690000","9612.10000000"],["2.81700000","7116.60000000"],["2.81710000","9061.00000000"]]},{"timestamp":1757148689231,"lastUpdateId":21291799490,"bids":[["2.81510000","5659.90000000"],["2.81500000","15618.30000000"],["2.81490000","19004.70000000"],["2.81480000","13702.90000000"],["2.81470000","6742.30000000"],["2.81460000","2697.20000000"],["2.81450000","15101.80000000"],["2.81440000","15473.10000000"],["2.81430000","5028.20000000"],["2.81420000","3257.20000000"],["2.81410000","9781.90000000"],["2.81400000","11435.90000000"],["2.81390000","9267.20000000"],["2.81380000","8250.20000000"],["2.81370000","32207.70000000"],["2.81360000","15156.50000000"],["2.81350000","9893.70000000"],["2.81340000","4231.10000000"],["2.81330000","11557.30000000"],["2.81320000","7305.80000000"]],"asks":[["2.81520000","8906.40000000"],["2.81530000","4722.80000000"],["2.81540000","8297.00000000"],["2.81550000","26907.60000000"],["2.81560000","1352.00000000"],["2.81570000","715.60000000"],["2.81580000","5236.30000000"],["2.81590000","17012.30000000"],["2.81600000","3115.00000000"],["2.81610000","5238.90000000"],["2.81620000","527.20000000"],["2.81630000","31321.80000000"],["2.81640000","9314.20000000"],["2.81650000","6688.70000000"],["2.81660000","20122.50000000"],["2.81670000","8573.10000000"],["2.81680000","8362.70000000"],["2.81690000","9629.00000000"],["2.81700000","8175.20000000"],["2.81710000","9061.00000000"]]},{"timestamp":1757148689231,"lastUpdateId":21291799490,"bids":[["2.81510000","5659.90000000"],["2.81500000","14475.20000000"],["2.81490000","16982.00000000"],["2.81480000","8292.10000000"],["2.81470000","19544.70000000"],["2.81460000","4477.40000000"],["2.81450000","19810.60000000"],["2.81440000","12534.60000000"],["2.81430000","5870.80000000"],["2.81420000","6197.30000000"],["2.81410000","9781.90000000"],["2.81400000","13297.30000000"],["2.81390000","8603.20000000"],["2.81380000","8843.40000000"],["2.81370000","32211.30000000"],["2.81360000","10110.70000000"],["2.81350000","5710.60000000"],["2.81340000","4231.10000000"],["2.81330000","13187.50000000"],["2.81320000","8371.30000000"]],"asks":[["2.81520000","8906.40000000"],["2.81530000","4722.80000000"],["2.81540000","8297.00000000"],["2.81550000","26907.60000000"],["2.81560000","1352.00000000"],["2.81570000","715.60000000"],["2.81580000","5236.30000000"],["2.81590000","17012.30000000"],["2.81600000","3115.00000000"],["2.81610000","5238.90000000"],["2.81620000","527.20000000"],["2.81630000","39573.90000000"],["2.81640000","10361.30000000"],["2.81650000","4851.00000000"],["2.81660000","19996.40000000"],["2.81670000","7332.40000000"],["2.81680000","5986.80000000"],["2.81690000","2507.60000000"],["2.81700000","8173.20000000"],["2.81710000","9061.00000000"]]},{"timestamp":1757148689231,"lastUpdateId":21291799490,"bids":[["2.81510000","5659.90000000"],["2.81500000","17017.10000000"],["2.81490000","18223.60000000"],["2.81480000","9964.90000000"],["2.81470000","6744.30000000"],["2.81460000","2618.70000000"],["2.81450000","13418.70000000"],["2.81440000","13097.00000000"],["2.81430000","7550.00000000"],["2.81420000","3753.80000000"],["2.81410000","9726.80000000"],["2.81400000","13466.60000000"],["2.81390000","8309.00000000"],["2.81380000","5548.40000000"],["2.81370000","17134.10000000"],["2.81360000","10229.50000000"],["2.81350000","9267.30000000"],["2.81340000","18720.30000000"],["2.81330000","12832.50000000"],["2.81320000","9436.90000000"]],"asks":[["2.81520000","8906.40000000"],["2.81530000","4722.80000000"],["2.81540000","8297.00000000"],["2.81550000","26907.60000000"],["2.81560000","1352.00000000"],["2.81570000","715.60000000"],["2.81580000","5236.30000000"],["2.81590000","17012.30000000"],["2.81600000","3115.00000000"],["2.81610000","7541.60000000"],["2.81620000","8288.30000000"],["2.81630000","2625.80000000"],["2.81640000","3406.70000000"],["2.81650000","1549.20000000"],["2.81660000","7670.20000000"],["2.81670000","14341.20000000"],["2.81680000","6363.30000000"],["2.81690000","7928.60000000"],["2.81700000","8516.60000000"],["2.81710000","9061.00000000"]]},{"timestamp":1757148689231,"lastUpdateId":21291799490,"bids":[["2.81510000","5659.90000000"],["2.81500000","22232.90000000"],["2.81490000","15.10000000"],["2.81480000","1606.70000000"],["2.81470000","3125.60000000"],["2.81460000","1535.60000000"],["2.81450000","5280.50000000"],["2.81440000","22372.10000000"],["2.81430000","15159.10000000"],["2.81420000","11498.60000000"],["2.81410000","20666.10000000"],["2.81400000","14771.80000000"],["2.81390000","10078.00000000"],["2.81380000","7146.70000000"],["2.81370000","20076.70000000"],["2.81360000","10091.30000000"],["2.81350000","8674.30000000"],["2.81340000","18832.70000000"],["2.81330000","5724.10000000"],["2.81320000","9436.90000000"]],"asks":[["2.81520000","8906.40000000"],["2.81530000","23015.40000000"],["2.81540000","34445.20000000"],["2.81550000","24434.70000000"],["2.81560000","28533.60000000"],["2.81570000","21100.60000000"],["2.81580000","11998.80000000"],["2.81590000","18200.70000000"],["2.81600000","27062.80000000"],["2.81610000","4342.50000000"],["2.81620000","3233.20000000"],["2.81630000","6288.40000000"],["2.81640000","3881.00000000"],["2.81650000","10207.00000000"],["2.81660000","20521.00000000"],["2.81670000","14113.70000000"],["2.81680000","6687.70000000"],["2.81690000","5968.60000000"],["2.81700000","7387.20000000"],["2.81710000","4443.10000000"]]},{"timestamp":1757148689231,"lastUpdateId":21291799490,"bids":[["2.81510000","40972.70000000"],["2.81500000","24568.20000000"],["2.81490000","539.60000000"],["2.81480000","2645.10000000"],["2.81470000","4004.00000000"],["2.81460000","3214.40000000"],["2.81450000","13335.60000000"],["2.81440000","22965.00000000"],["2.81430000","14243.00000000"],["2.81420000","10246.70000000"],["2.81410000","20664.30000000"],["2.81400000","14771.80000000"],["2.81390000","9555.20000000"],["2.81380000","5550.20000000"],["2.81370000","20076.70000000"],["2.81360000","11960.50000000"],["2.81350000","8674.30000000"],["2.81340000","16984.10000000"],["2.81330000","5517.10000000"],["2.81320000","9436.90000000"]],"asks":[["2.81520000","16040.50000000"],["2.81530000","22834.20000000"],["2.81540000","29708.40000000"],["2.81550000","21254.50000000"],["2.81560000","28470.40000000"],["2.81570000","21250.60000000"],["2.81580000","11998.80000000"],["2.81590000","17916.80000000"],["2.81600000","27062.80000000"],["2.81610000","4765.00000000"],["2.81620000","4863.40000000"],["2.81630000","6288.40000000"],["2.81640000","2942.40000000"],["2.81650000","10207.00000000"],["2.81660000","20522.80000000"],["2.81670000","11172.70000000"],["2.81680000","6265.50000000"],["2.81690000","4474.00000000"],["2.81700000","7325.50000000"],["2.81710000","4443.10000000"]]},{"timestamp":1757148659231,"lastUpdateId":21291798016,"bids":[["2.81540000","40985.10000000"],["2.81530000","1286.30000000"],["2.81520000","11915.80000000"],["2.81510000","3194.00000000"],["2.81500000","5929.10000000"],["2.81490000","4318.10000000"],["2.81480000","13178.50000000"],["2.81470000","15685.30000000"],["2.81460000","15525.60000000"],["2.81450000","19673.50000000"],["2.81440000","22888.60000000"],["2.81430000","14311.90000000"],["2.81420000","4634.40000000"],["2.81410000","10976.90000000"],["2.81400000","12402.90000000"],["2.81390000","13575.70000000"],["2.81380000","11478.60000000"],["2.81370000","34189.90000000"],["2.81360000","15202.10000000"],["2.81350000","9893.70000000"]],"asks":[["2.81550000","26907.60000000"],["2.81560000","1352.00000000"],["2.81570000","715.60000000"],["2.81580000","5236.30000000"],["2.81590000","17012.30000000"],["2.81600000","3115.00000000"],["2.81610000","5238.90000000"],["2.81620000","527.20000000"],["2.81630000","23198.80000000"],["2.81640000","5195.70000000"],["2.81650000","5049.30000000"],["2.81660000","19305.40000000"],["2.81670000","10806.10000000"],["2.81680000","7666.50000000"],["2.81690000","5534.90000000"],["2.81700000","7638.80000000"],["2.81710000","11516.60000000"],["2.81720000","19694.20000000"],["2.81730000","7484.40000000"],["2.81740000","6153.80000000"]]},{"timestamp":1757148659231,"lastUpdateId":21291798016,"bids":[["2.81540000","40985.10000000"],["2.81530000","1286.30000000"],["2.81520000","11915.80000000"],["2.81510000","3194.00000000"],["2.81500000","7263.50000000"],["2.81490000","2671.20000000"],["2.81480000","7528.70000000"],["2.81470000","15507.80000000"],["2.81460000","13783.90000000"],["2.81450000","14350.90000000"],["2.81440000","23458.20000000"],["2.81430000","14831.60000000"],["2.81420000","5848.70000000"],["2.81410000","11023.70000000"],["2.81400000","11433.80000000"],["2.81390000","11157.70000000"],["2.81380000","14419.30000000"],["2.81370000","32207.70000000"],["2.81360000","15161.50000000"],["2.81350000","9893.70000000"]],"asks":[["2.81550000","26907.60000000"],["2.81560000","1352.00000000"],["2.81570000","715.60000000"],["2.81580000","5236.30000000"],["2.81590000","17012.30000000"],["2.81600000","3115.00000000"],["2.81610000","5238.90000000"],["2.81620000","527.20000000"],["2.81630000","23198.80000000"],["2.81640000","5195.70000000"],["2.81650000","5333.20000000"],["2.81660000","19305.40000000"],["2.81670000","10806.10000000"],["2.81680000","5984.80000000"],["2.81690000","2594.10000000"],["2.81700000","7638.80000000"],["2.81710000","11516.60000000"],["2.81720000","19741.00000000"],["2.81730000","7484.40000000"],["2.81740000","9094.10000000"]]},{"timestamp":1757148659231,"lastUpdateId":21291798016,"bids":[["2.81540000","40985.10000000"],["2.81530000","1286.30000000"],["2.81520000","11915.80000000"],["2.81510000","3194.00000000"],["2.81500000","10412.20000000"],["2.81490000","19023.20000000"],["2.81480000","12488.60000000"],["2.81470000","6742.30000000"],["2.81460000","2697.20000000"],["2.81450000","15520.80000000"],["2.81440000","15473.10000000"],["2.81430000","4609.20000000"],["2.81420000","3257.20000000"],["2.81410000","9781.90000000"],["2.81400000","11433.80000000"],["2.81390000","9267.20000000"],["2.81380000","8250.20000000"],["2.81370000","32207.70000000"],["2.81360000","15336.50000000"],["2.81350000","9893.70000000"]],"asks":[["2.81550000","26907.60000000"],["2.81560000","1352.00000000"],["2.81570000","715.60000000"],["2.81580000","5236.30000000"],["2.81590000","17012.30000000"],["2.81600000","3115.00000000"],["2.81610000","5238.90000000"],["2.81620000","527.20000000"],["2.81630000","31860.50000000"],["2.81640000","9316.20000000"],["2.81650000","6688.70000000"],["2.81660000","20043.10000000"],["2.81670000","8857.00000000"],["2.81680000","9605.00000000"],["2.81690000","9612.10000000"],["2.81700000","7116.60000000"],["2.81710000","9061.00000000"],["2.81720000","18625.50000000"],["2.81730000","5802.30000000"],["2.81740000","5929.40000000"]]},{"timestamp":1757148659231,"lastUpdateId":21291798016,"bids":[["2.81540000","40985.10000000"],["2.81530000","1286.30000000"],["2.81520000","11915.80000000"],["2.81510000","3194.00000000"],["2.81500000","15618.30000000"],["2.81490000","19004.70000000"],["2.81480000","13702.90000000"],["2.81470000","6742.30000000"],["2.81460000","2697.20000000"],["2.81450000","15101.80000000"],["2.81440000","15473.10000000"],["2.81430000","5028.20000000"],["2.81420000","3257.20000000"],["2.81410000","9781.90000000"],["2.81400000","11435.90000000"],["2.81390000","9267.20000000"],["2.81380000","8250.20000000"],["2.81370000","32207.70000000"],["2.81360000","15156.50000000"],["2.81350000","9893.70000000"]],"asks":[["2.81550000","26907.60000000"],["2.81560000","1352.00000000"],["2.81570000","715.60000000"],["2.81580000","5236.30000000"],["2.81590000","17012.30000000"],["2.81600000","3115.00000000"],["2.81610000","5238.90000000"],["2.81620000","527.20000000"],["2.81630000","31321.80000000"],["2.81640000","9314.20000000"],["2.81650000","6688.70000000"],["2.81660000","20122.50000000"],["2.81670000","8573.10000000"],["2.81680000","8362.70000000"],["2.81690000","9629.00000000"],["2.81700000","8175.20000000"],["2.81710000","9061.00000000"],["2.81720000","17783.10000000"],["2.81730000","5802.30000000"],["2.81740000","6369.80000000"]]},{"timestamp":1757148659231,"lastUpdateId":21291798016,"bids":[["2.81540000","40985.10000000"],["2.81530000","1286.30000000"],["2.81520000","11915.80000000"],["2.81510000","3194.00000000"],["2.81500000","14475.20000000"],["2.81490000","16982.00000000"],["2.81480000","8292.10000000"],["2.81470000","19544.70000000"],["2.81460000","4477.40000000"],["2.81450000","19810.60000000"],["2.81440000","12534.60000000"],["2.81430000","5870.80000000"],["2.81420000","6197.30000000"],["2.81410000","9781.90000000"],["2.81400000","13297.30000000"],["2.81390000","8603.20000000"],["2.81380000","8843.40000000"],["2.81370000","32211.30000000"],["2.81360000","10110.70000000"],["2.81350000","5710.60000000"]],"asks":[["2.81550000","26907.60000000"],["2.81560000","1352.00000000"],["2.81570000","715.60000000"],["2.81580000","5236.30000000"],["2.81590000","17012.30000000"],["2.81600000","3115.00000000"],["2.81610000","5238.90000000"],["2.81620000","527.20000000"],["2.81630000","39573.90000000"],["2.81640000","10361.30000000"],["2.81650000","4851.00000000"],["2.81660000","19996.40000000"],["2.81670000","7332.40000000"],["2.81680000","5986.80000000"],["2.81690000","2507.60000000"],["2.81700000","8173.20000000"],["2.81710000","9061.00000000"],["2.81720000","18580.70000000"],["2.81730000","8741.20000000"],["2.81740000","6833.40000000"]]},{"timestamp":1757148659231,"lastUpdateId":21291798016,"bids":[["2.81540000","40985.10000000"],["2.81530000","1286.30000000"],["2.81520000","11915.80000000"],["2.81510000","3194.00000000"],["2.81500000","17017.10000000"],["2.81490000","18223.60000000"],["2.81480000","9964.90000000"],["2.81470000","6744.30000000"],["2.81460000","2618.70000000"],["2.81450000","13418.70000000"],["2.81440000","13097.00000000"],["2.81430000","7550.00000000"],["2.81420000","3753.80000000"],["2.81410000","9726.80000000"],["2.81400000","13466.60000000"],["2.81390000","8309.00000000"],["2.81380000","5548.40000000"],["2.81370000","17134.10000000"],["2.81360000","10229.50000000"],["2.81350000","9267.30000000"]],"asks":[["2.81550000","26907.60000000"],["2.81560000","1352.00000000"],["2.81570000","715.60000000"],["2.81580000","5236.30000000"],["2.81590000","17012.30000000"],["2.81600000","3115.00000000"],["2.81610000","7541.60000000"],["2.81620000","8288.30000000"],["2.81630000","2625.80000000"],["2.81640000","3406.70000000"],["2.81650000","1549.20000000"],["2.81660000","7670.20000000"],["2.81670000","14341.20000000"],["2.81680000","6363.30000000"],["2.81690000","7928.60000000"],["2.81700000","8516.60000000"],["2.81710000","9061.00000000"],["2.81720000","17785.30000000"],["2.81730000","9878.80000000"],["2.81740000","7729.80000000"]]},{"timestamp":1757148659231,"lastUpdateId":21291798016,"bids":[["2.81540000","40985.10000000"],["2.81530000","1286.30000000"],["2.81520000","11915.80000000"],["2.81510000","3194.00000000"],["2.81500000","22232.90000000"],["2.81490000","15.10000000"],["2.81480000","1606.70000000"],["2.81470000","3125.60000000"],["2.81460000","1535.60000000"],["2.81450000","5280.50000000"],["2.81440000","22372.10000000"],["2.81430000","15159.10000000"],["2.81420000","11498.60000000"],["2.81410000","20666.10000000"],["2.81400000","14771.80000000"],["2.81390000","10078.00000000"],["2.81380000","7146.70000000"],["2.81370000","20076.70000000"],["2.81360000","10091.30000000"],["2.81350000","8674.30000000"]],"asks":[["2.81550000","24434.70000000"],["2.81560000","28533.60000000"],["2.81570000","21100.60000000"],["2.81580000","11998.80000000"],["2.81590000","18200.70000000"],["2.81600000","27062.80000000"],["2.81610000","4342.50000000"],["2.81620000","3233.20000000"],["2.81630000","6288.40000000"],["2.81640000","3881.00000000"],["2.81650000","10207.00000000"],["2.81660000","20521.00000000"],["2.81670000","14113.70000000"],["2.81680000","6687.70000000"],["2.81690000","5968.60000000"],["2.81700000","7387.20000000"],["2.81710000","4443.10000000"],["2.81720000","14569.70000000"],["2.81730000","6524.80000000"],["2.81740000","9762.10000000"]]},{"timestamp":1757148659231,"lastUpdateId":21291798016,"bids":[["2.81540000","40985.10000000"],["2.81530000","1286.30000000"],["2.81520000","11915.80000000"],["2.81510000","3194.00000000"],["2.81500000","24568.20000000"],["2.81490000","539.60000000"],["2.81480000","2645.10000000"],["2.81470000","4004.00000000"],["2.81460000","3214.40000000"],["2.81450000","13335.60000000"],["2.81440000","22965.00000000"],["2.81430000","14243.00000000"],["2.81420000","10246.70000000"],["2.81410000","20664.30000000"],["2.81400000","14771.80000000"],["2.81390000","9555.20000000"],["2.81380000","5550.20000000"],["2.81370000","20076.70000000"],["2.81360000","11960.50000000"],["2.81350000","8674.30000000"]],"asks":[["2.81550000","21254.50000000"],["2.81560000","28470.40000000"],["2.81570000","21250.60000000"],["2.81580000","11998.80000000"],["2.81590000","17916.80000000"],["2.81600000","27062.80000000"],["2.81610000","4765.00000000"],["2.81620000","4863.40000000"],["2.81630000","6288.40000000"],["2.81640000","2942.40000000"],["2.81650000","10207.00000000"],["2.81660000","20522.80000000"],["2.81670000","11172.70000000"],["2.81680000","6265.50000000"],["2.81690000","4474.00000000"],["2.81700000","7325.50000000"],["2.81710000","4443.10000000"],["2.81720000","14569.70000000"],["2.81730000","6524.80000000"],["2.81740000","9762.10000000"]]},{"timestamp":1757148659231,"lastUpdateId":21291798016,"bids":[["2.81540000","41261.20000000"],["2.81530000","35833.00000000"],["2.81520000","36514.60000000"],["2.81510000","31011.30000000"],["2.81500000","15735.70000000"],["2.81490000","791.90000000"],["2.81480000","3119.60000000"],["2.81470000","5454.60000000"],["2.81460000","14056.90000000"],["2.81450000","17572.10000000"],["2.81440000","26570.30000000"],["2.81430000","11021.50000000"],["2.81420000","3792.50000000"],["2.81410000","7878.50000000"],["2.81400000","14753.20000000"],["2.81390000","13826.90000000"],["2.81380000","8489.30000000"],["2.81370000","19259.60000000"],["2.81360000","11154.70000000"],["2.81350000","8674.30000000"]],"asks":[["2.81550000","10219.00000000"],["2.81560000","18779.60000000"],["2.81570000","10251.10000000"],["2.81580000","6008.50000000"],["2.81590000","22868.40000000"],["2.81600000","37549.70000000"],["2.81610000","11255.90000000"],["2.81620000","5782.50000000"],["2.81630000","12968.00000000"],["2.81640000","4468.70000000"],["2.81650000","10223.90000000"],["2.81660000","20522.80000000"],["2.81670000","11174.50000000"],["2.81680000","6265.50000000"],["2.81690000","4475.80000000"],["2.81700000","7325.50000000"],["2.81710000","3736.60000000"],["2.81720000","14394.70000000"],["2.81730000","6524.80000000"],["2.81740000","9762.10000000"]]},{"timestamp":1757148629232,"lastUpdateId":21291796983,"bids":[["2.81500000","5929.10000000"],["2.81490000","4318.10000000"],["2.81480000","13178.50000000"],["2.81470000","15685.30000000"],["2.81460000","15525.60000000"],["2.81450000","19673.50000000"],["2.81440000","22888.60000000"],["2.81430000","14311.90000000"],["2.81420000","4634.40000000"],["2.81410000","10976.90000000"],["2.81400000","12402.90000000"],["2.81390000","13575.70000000"],["2.81380000","11478.60000000"],["2.81370000","34189.90000000"],["2.81360000","15202.10000000"],["2.81350000","9893.70000000"],["2.81340000","2204.00000000"],["2.81330000","9252.30000000"],["2.81320000","8417.90000000"],["2.81310000","28147.20000000"]],"asks":[["2.81510000","40206.40000000"],["2.81520000","43387.90000000"],["2.81530000","5297.00000000"],["2.81540000","4905.00000000"],["2.81550000","26907.60000000"],["2.81560000","1352.00000000"],["2.81570000","715.60000000"],["2.81580000","5236.30000000"],["2.81590000","17012.30000000"],["2.81600000","3115.00000000"],["2.81610000","5238.90000000"],["2.81620000","527.20000000"],["2.81630000","23198.80000000"],["2.81640000","5195.70000000"],["2.81650000","5049.30000000"],["2.81660000","19305.40000000"],["2.81670000","10806.10000000"],["2.81680000","7666.50000000"],["2.81690000","5534.90000000"],["2.81700000","7638.80000000"]]},{"timestamp":1757148629232,"lastUpdateId":21291796983,"bids":[["2.81500000","7263.50000000"],["2.81490000","2671.20000000"],["2.81480000","7528.70000000"],["2.81470000","15507.80000000"],["2.81460000","13783.90000000"],["2.81450000","14350.90000000"],["2.81440000","23458.20000000"],["2.81430000","14831.60000000"],["2.81420000","5848.70000000"],["2.81410000","11023.70000000"],["2.81400000","11433.80000000"],["2.81390000","11157.70000000"],["2.81380000","14419.30000000"],["2.81370000","32207.70000000"],["2.81360000","15161.50000000"],["2.81350000","9893.70000000"],["2.81340000","2204.00000000"],["2.81330000","7322.30000000"],["2.81320000","8371.10000000"],["2.81310000","30045.60000000"]],"asks":[["2.81510000","40206.40000000"],["2.81520000","43387.90000000"],["2.81530000","5297.00000000"],["2.81540000","4905.00000000"],["2.81550000","26907.60000000"],["2.81560000","1352.00000000"],["2.81570000","715.60000000"],["2.81580000","5236.30000000"],["2.81590000","17012.30000000"],["2.81600000","3115.00000000"],["2.81610000","5238.90000000"],["2.81620000","527.20000000"],["2.81630000","23198.80000000"],["2.81640000","5195.70000000"],["2.81650000","5333.20000000"],["2.81660000","19305.40000000"],["2.81670000","10806.10000000"],["2.81680000","5984.80000000"],["2.81690000","2594.10000000"],["2.81700000","7638.80000000"]]},{"timestamp":1757148629232,"lastUpdateId":21291796983,"bids":[["2.81500000","10412.20000000"],["2.81490000","19023.20000000"],["2.81480000","12488.60000000"],["2.81470000","6742.30000000"],["2.81460000","2697.20000000"],["2.81450000","15520.80000000"],["2.81440000","15473.10000000"],["2.81430000","4609.20000000"],["2.81420000","3257.20000000"],["2.81410000","9781.90000000"],["2.81400000","11433.80000000"],["2.81390000","9267.20000000"],["2.81380000","8250.20000000"],["2.81370000","32207.70000000"],["2.81360000","15336.50000000"],["2.81350000","9893.70000000"],["2.81340000","4231.10000000"],["2.81330000","11557.30000000"],["2.81320000","8371.10000000"],["2.81310000","28147.20000000"]],"asks":[["2.81510000","40206.40000000"],["2.81520000","43387.90000000"],["2.81530000","5297.00000000"],["2.81540000","4905.00000000"],["2.81550000","26907.60000000"],["2.81560000","1352.00000000"],["2.81570000","715.60000000"],["2.81580000","5236.30000000"],["2.81590000","17012.30000000"],["2.81600000","3115.00000000"],["2.81610000","5238.90000000"],["2.81620000","527.20000000"],["2.81630000","31860.50000000"],["2.81640000","9316.20000000"],["2.81650000","6688.70000000"],["2.81660000","20043.10000000"],["2.81670000","8857.00000000"],["2.81680000","9605.00000000"],["2.81690000","9612.10000000"],["2.81700000","7116.60000000"]]},{"timestamp":1757148629232,"lastUpdateId":21291796983,"bids":[["2.81500000","15618.30000000"],["2.81490000","19004.70000000"],["2.81480000","13702.90000000"],["2.81470000","6742.30000000"],["2.81460000","2697.20000000"],["2.81450000","15101.80000000"],["2.81440000","15473.10000000"],["2.81430000","5028.20000000"],["2.81420000","3257.20000000"],["2.81410000","9781.90000000"],["2.81400000","11435.90000000"],["2.81390000","9267.20000000"],["2.81380000","8250.20000000"],["2.81370000","32207.70000000"],["2.81360000","15156.50000000"],["2.81350000","9893.70000000"],["2.81340000","4231.10000000"],["2.81330000","11557.30000000"],["2.81320000","7305.80000000"],["2.81310000","28147.20000000"]],"asks":[["2.81510000","40206.40000000"],["2.81520000","43387.90000000"],["2.81530000","5297.00000000"],["2.81540000","4905.00000000"],["2.81550000","26907.60000000"],["2.81560000","1352.00000000"],["2.81570000","715.60000000"],["2.81580000","5236.30000000"],["2.81590000","17012.30000000"],["2.81600000","3115.00000000"],["2.81610000","5238.90000000"],["2.81620000","527.20000000"],["2.81630000","31321.80000000"],["2.81640000","9314.20000000"],["2.81650000","6688.70000000"],["2.81660000","20122.50000000"],["2.81670000","8573.10000000"],["2.81680000","8362.70000000"],["2.81690000","9629.00000000"],["2.81700000","8175.20000000"]]},{"timestamp":1757148629232,"lastUpdateId":21291796983,"bids":[["2.81500000","14475.20000000"],["2.81490000","16982.00000000"],["2.81480000","8292.10000000"],["2.81470000","19544.70000000"],["2.81460000","4477.40000000"],["2.81450000","19810.60000000"],["2.81440000","12534.60000000"],["2.81430000","5870.80000000"],["2.81420000","6197.30000000"],["2.81410000","9781.90000000"],["2.81400000","13297.30000000"],["2.81390000","8603.20000000"],["2.81380000","8843.40000000"],["2.81370000","32211.30000000"],["2.81360000","10110.70000000"],["2.81350000","5710.60000000"],["2.81340000","4231.10000000"],["2.81330000","13187.50000000"],["2.81320000","8371.30000000"],["2.81310000","27483.20000000"]],"asks":[["2.81510000","40206.40000000"],["2.81520000","43387.90000000"],["2.81530000","5297.00000000"],["2.81540000","4905.00000000"],["2.81550000","26907.60000000"],["2.81560000","1352.00000000"],["2.81570000","715.60000000"],["2.81580000","5236.30000000"],["2.81590000","17012.30000000"],["2.81600000","3115.00000000"],["2.81610000","5238.90000000"],["2.81620000","527.20000000"],["2.81630000","39573.90000000"],["2.81640000","10361.30000000"],["2.81650000","4851.00000000"],["2.81660000","19996.40000000"],["2.81670000","7332.40000000"],["2.81680000","5986.80000000"],["2.81690000","2507.60000000"],["2.81700000","8173.20000000"]]},{"timestamp":1757148629232,"lastUpdateId":21291796983,"bids":[["2.81500000","17017.10000000"],["2.81490000","18223.60000000"],["2.81480000","9964.90000000"],["2.81470000","6744.30000000"],["2.81460000","2618.70000000"],["2.81450000","13418.70000000"],["2.81440000","13097.00000000"],["2.81430000","7550.00000000"],["2.81420000","3753.80000000"],["2.81410000","9726.80000000"],["2.81400000","13466.60000000"],["2.81390000","8309.00000000"],["2.81380000","5548.40000000"],["2.81370000","17134.10000000"],["2.81360000","10229.50000000"],["2.81350000","9267.30000000"],["2.81340000","18720.30000000"],["2.81330000","12832.50000000"],["2.81320000","9436.90000000"],["2.81310000","28548.80000000"]],"asks":[["2.81510000","40206.40000000"],["2.81520000","43387.90000000"],["2.81530000","5297.00000000"],["2.81540000","4905.00000000"],["2.81550000","26907.60000000"],["2.81560000","1352.00000000"],["2.81570000","715.60000000"],["2.81580000","5236.30000000"],["2.81590000","17012.30000000"],["2.81600000","3115.00000000"],["2.81610000","7541.60000000"],["2.81620000","8288.30000000"],["2.81630000","2625.80000000"],["2.81640000","3406.70000000"],["2.81650000","1549.20000000"],["2.81660000","7670.20000000"],["2.81670000","14341.20000000"],["2.81680000","6363.30000000"],["2.81690000","7928.60000000"],["2.81700000","8516.60000000"]]},{"timestamp":1757148629232,"lastUpdateId":21291796983,"bids":[["2.81500000","22232.90000000"],["2.81490000","15.10000000"],["2.81480000","1606.70000000"],["2.81470000","3125.60000000"],["2.81460000","1535.60000000"],["2.81450000","5280.50000000"],["2.81440000","22372.10000000"],["2.81430000","15159.10000000"],["2.81420000","11498.60000000"],["2.81410000","20666.10000000"],["2.81400000","14771.80000000"],["2.81390000","10078.00000000"],["2.81380000","7146.70000000"],["2.81370000","20076.70000000"],["2.81360000","10091.30000000"],["2.81350000","8674.30000000"],["2.81340000","18832.70000000"],["2.81330000","5724.10000000"],["2.81320000","9436.90000000"],["2.81310000","28548.80000000"]],"asks":[["2.81510000","40206.40000000"],["2.81520000","43387.90000000"],["2.81530000","5297.00000000"],["2.81540000","4905.00000000"],["2.81550000","24434.70000000"],["2.81560000","28533.60000000"],["2.81570000","21100.60000000"],["2.81580000","11998.80000000"],["2.81590000","18200.70000000"],["2.81600000","27062.80000000"],["2.81610000","4342.50000000"],["2.81620000","3233.20000000"],["2.81630000","6288.40000000"],["2.81640000","3881.00000000"],["2.81650000","10207.00000000"],["2.81660000","20521.00000000"],["2.81670000","14113.70000000"],["2.81680000","6687.70000000"],["2.81690000","5968.60000000"],["2.81700000","7387.20000000"]]},{"timestamp":1757148629232,"lastUpdateId":21291796983,"bids":[["2.81500000","24568.20000000"],["2.81490000","539.60000000"],["2.81480000","2645.10000000"],["2.81470000","4004.00000000"],["2.81460000","3214.40000000"],["2.81450000","13335.60000000"],["2.81440000","22965.00000000"],["2.81430000","14243.00000000"],["2.81420000","10246.70000000"],["2.81410000","20664.30000000"],["2.81400000","14771.80000000"],["2.81390000","9555.20000000"],["2.81380000","5550.20000000"],["2.81370000","20076.70000000"],["2.81360000","11960.50000000"],["2.81350000","8674.30000000"],["2.81340000","16984.10000000"],["2.81330000","5517.10000000"],["2.81320000","9436.90000000"],["2.81310000","28548.80000000"]],"asks":[["2.81510000","40206.40000000"],["2.81520000","43387.90000000"],["2.81530000","5297.00000000"],["2.81540000","4905.00000000"],["2.81550000","21254.50000000"],["2.81560000","28470.40000000"],["2.81570000","21250.60000000"],["2.81580000","11998.80000000"],["2.81590000","17916.80000000"],["2.81600000","27062.80000000"],["2.81610000","4765.00000000"],["2.81620000","4863.40000000"],["2.81630000","6288.40000000"],["2.81640000","2942.40000000"],["2.81650000","10207.00000000"],["2.81660000","20522.80000000"],["2.81670000","11172.70000000"],["2.81680000","6265.50000000"],["2.81690000","4474.00000000"],["2.81700000","7325.50000000"]]},{"timestamp":1757148629232,"lastUpdateId":21291796983,"bids":[["2.81500000","15735.70000000"],["2.81490000","791.90000000"],["2.81480000","3119.60000000"],["2.81470000","5454.60000000"],["2.81460000","14056.90000000"],["2.81450000","17572.10000000"],["2.81440000","26570.30000000"],["2.81430000","11021.50000000"],["2.81420000","3792.50000000"],["2.81410000","7878.50000000"],["2.81400000","14753.20000000"],["2.81390000","13826.90000000"],["2.81380000","8489.30000000"],["2.81370000","19259.60000000"],["2.81360000","11154.70000000"],["2.81350000","8674.30000000"],["2.81340000","17485.50000000"],["2.81330000","5517.10000000"],["2.81320000","9436.90000000"],["2.81310000","30478.80000000"]],"asks":[["2.81510000","40206.40000000"],["2.81520000","43387.90000000"],["2.81530000","5297.00000000"],["2.81540000","4905.00000000"],["2.81550000","10219.00000000"],["2.81560000","18779.60000000"],["2.81570000","10251.10000000"],["2.81580000","6008.50000000"],["2.81590000","22868.40000000"],["2.81600000","37549.70000000"],["2.81610000","11255.90000000"],["2.81620000","5782.50000000"],["2.81630000","12968.00000000"],["2.81640000","4468.70000000"],["2.81650000","10223.90000000"],["2.81660000","20522.80000000"],["2.81670000","11174.50000000"],["2.81680000","6265.50000000"],["2.81690000","4475.80000000"],["2.81700000","7325.50000000"]]},{"timestamp":1757148629232,"lastUpdateId":21291796983,"bids":[["2.81500000","10492.00000000"],["2.81490000","15.10000000"],["2.81480000","1615.10000000"],["2.81470000","3550.10000000"],["2.81460000","1655.50000000"],["2.81450000","4902.50000000"],["2.81440000","15871.00000000"],["2.81430000","18431.40000000"],["2.81420000","18558.90000000"],["2.81410000","10126.30000000"],["2.81400000","24721.80000000"],["2.81390000","19665.50000000"],["2.81380000","7368.30000000"],["2.81370000","19266.40000000"],["2.81360000","11156.50000000"],["2.81350000","8674.30000000"],["2.81340000","19402.00000000"],["2.81330000","5517.10000000"],["2.81320000","9436.90000000"],["2.81310000","28548.80000000"]],"asks":[["2.81510000","50048.90000000"],["2.81520000","46715.60000000"],["2.81530000","28061.60000000"],["2.81540000","28554.20000000"],["2.81550000","27818.50000000"],["2.81560000","43363.20000000"],["2.81570000","15159.70000000"],["2.81580000","11805.10000000"],["2.81590000","25612.90000000"],["2.81600000","27059.00000000"],["2.81610000","4357.60000000"],["2.81620000","3268.30000000"],["2.81630000","6288.60000000"],["2.81640000","2940.60000000"],["2.81650000","10207.20000000"],["2.81660000","22799.30000000"],["2.81670000","11170.90000000"],["2.81680000","5321.30000000"],["2.81690000","1535.10000000"],["2.81700000","6770.30000000"]]},{"timestamp":1757148599232,"lastUpdateId":21291794199,"bids":[["2.81600000","3251.30000000"],["2.81590000","1676.30000000"],["2.81580000","901.60000000"],["2.81570000","127.90000000"],["2.81560000","27375.20000000"],["2.81550000","198.20000000"],["2.81540000","4723.40000000"],["2.81530000","770.00000000"],["2.81520000","192.20000000"],["2.81510000","1349.80000000"],["2.81500000","5929.10000000"],["2.81490000","4318.10000000"],["2.81480000","13178.50000000"],["2.81470000","15685.30000000"],["2.81460000","15525.60000000"],["2.81450000","19673.50000000"],["2.81440000","22888.60000000"],["2.81430000","14311.90000000"],["2.81420000","4634.40000000"],["2.81410000","10976.90000000"]],"asks":[["2.81610000","5238.90000000"],["2.81620000","527.20000000"],["2.81630000","23198.80000000"],["2.81640000","5195.70000000"],["2.81650000","5049.30000000"],["2.81660000","19305.40000000"],["2.81670000","10806.10000000"],["2.81680000","7666.50000000"],["2.81690000","5534.90000000"],["2.81700000","7638.80000000"],["2.81710000","11516.60000000"],["2.81720000","19694.20000000"],["2.81730000","7484.40000000"],["2.81740000","6153.80000000"],["2.81750000","7963.50000000"],["2.81760000","10112.30000000"],["2.81770000","10936.20000000"],["2.81780000","16829.10000000"],["2.81790000","7448.90000000"],["2.81800000","8430.50000000"]]},{"timestamp":1757148599232,"lastUpdateId":21291794199,"bids":[["2.81600000","3251.30000000"],["2.81590000","1676.30000000"],["2.81580000","901.60000000"],["2.81570000","127.90000000"],["2.81560000","27375.20000000"],["2.81550000","198.20000000"],["2.81540000","4723.40000000"],["2.81530000","770.00000000"],["2.81520000","192.20000000"],["2.81510000","1349.80000000"],["2.81500000","7263.50000000"],["2.81490000","2671.20000000"],["2.81480000","7528.70000000"],["2.81470000","15507.80000000"],["2.81460000","13783.90000000"],["2.81450000","14350.90000000"],["2.81440000","23458.20000000"],["2.81430000","14831.60000000"],["2.81420000","5848.70000000"],["2.81410000","11023.70000000"]],"asks":[["2.81610000","5238.90000000"],["2.81620000","527.20000000"],["2.81630000","23198.80000000"],["2.81640000","5195.70000000"],["2.81650000","5333.20000000"],["2.81660000","19305.40000000"],["2.81670000","10806.10000000"],["2.81680000","5984.80000000"],["2.81690000","2594.10000000"],["2.81700000","7638.80000000"],["2.81710000","11516.60000000"],["2.81720000","19741.00000000"],["2.81730000","7484.40000000"],["2.81740000","9094.10000000"],["2.81750000","7963.50000000"],["2.81760000","10112.30000000"],["2.81770000","10581.10000000"],["2.81780000","16829.10000000"],["2.81790000","7448.90000000"],["2.81800000","6500.50000000"]]},{"timestamp":1757148599232,"lastUpdateId":21291794199,"bids":[["2.81600000","3251.30000000"],["2.81590000","1676.30000000"],["2.81580000","901.60000000"],["2.81570000","127.90000000"],["2.81560000","27375.20000000"],["2.81550000","198.20000000"],["2.81540000","4723.40000000"],["2.81530000","770.00000000"],["2.81520000","192.20000000"],["2.81510000","1349.80000000"],["2.81500000","10412.20000000"],["2.81490000","19023.20000000"],["2.81480000","12488.60000000"],["2.81470000","6742.30000000"],["2.81460000","2697.20000000"],["2.81450000","15520.80000000"],["2.81440000","15473.10000000"],["2.81430000","4609.20000000"],["2.81420000","3257.20000000"],["2.81410000","9781.90000000"]],"asks":[["2.81610000","5238.90000000"],["2.81620000","527.20000000"],["2.81630000","31860.50000000"],["2.81640000","9316.20000000"],["2.81650000","6688.70000000"],["2.81660000","20043.10000000"],["2.81670000","8857.00000000"],["2.81680000","9605.00000000"],["2.81690000","9612.10000000"],["2.81700000","7116.60000000"],["2.81710000","9061.00000000"],["2.81720000","18625.50000000"],["2.81730000","5802.30000000"],["2.81740000","5929.40000000"],["2.81750000","10972.90000000"],["2.81760000","10112.30000000"],["2.81770000","11021.50000000"],["2.81780000","16834.10000000"],["2.81790000","7885.50000000"],["2.81800000","6500.50000000"]]},{"timestamp":1757148599232,"lastUpdateId":21291794199,"bids":[["2.81600000","3251.30000000"],["2.81590000","1676.30000000"],["2.81580000","901.60000000"],["2.81570000","127.90000000"],["2.81560000","27375.20000000"],["2.81550000","198.20000000"],["2.81540000","4723.40000000"],["2.81530000","770.00000000"],["2.81520000","192.20000000"],["2.81510000","1349.80000000"],["2.81500000","15618.30000000"],["2.81490000","19004.70000000"],["2.81480000","13702.90000000"],["2.81470000","6742.30000000"],["2.81460000","2697.20000000"],["2.81450000","15101.80000000"],["2.81440000","15473.10000000"],["2.81430000","5028.20000000"],["2.81420000","3257.20000000"],["2.81410000","9781.90000000"]],"asks":[["2.81610000","5238.90000000"],["2.81620000","527.20000000"],["2.81630000","31321.80000000"],["2.81640000","9314.20000000"],["2.81650000","6688.70000000"],["2.81660000","20122.50000000"],["2.81670000","8573.10000000"],["2.81680000","8362.70000000"],["2.81690000","9629.00000000"],["2.81700000","8175.20000000"],["2.81710000","9061.00000000"],["2.81720000","17783.10000000"],["2.81730000","5802.30000000"],["2.81740000","6369.80000000"],["2.81750000","10972.90000000"],["2.81760000","10112.30000000"],["2.81770000","10581.10000000"],["2.81780000","15768.80000000"],["2.81790000","7885.50000000"],["2.81800000","6500.50000000"]]},{"timestamp":1757148599232,"lastUpdateId":21291794199,"bids":[["2.81600000","3251.30000000"],["2.81590000","1676.30000000"],["2.81580000","901.60000000"],["2.81570000","127.90000000"],["2.81560000","27375.20000000"],["2.81550000","198.20000000"],["2.81540000","4723.40000000"],["2.81530000","770.00000000"],["2.81520000","192.20000000"],["2.81510000","1349.80000000"],["2.81500000","14475.20000000"],["2.81490000","16982.00000000"],["2.81480000","8292.10000000"],["2.81470000","19544.70000000"],["2.81460000","4477.40000000"],["2.81450000","19810.60000000"],["2.81440000","12534.60000000"],["2.81430000","5870.80000000"],["2.81420000","6197.30000000"],["2.81410000","9781.90000000"]],"asks":[["2.81610000","5238.90000000"],["2.81620000","527.20000000"],["2.81630000","39573.90000000"],["2.81640000","10361.30000000"],["2.81650000","4851.00000000"],["2.81660000","19996.40000000"],["2.81670000","7332.40000000"],["2.81680000","5986.80000000"],["2.81690000","2507.60000000"],["2.81700000","8173.20000000"],["2.81710000","9061.00000000"],["2.81720000","18580.70000000"],["2.81730000","8741.20000000"],["2.81740000","6833.40000000"],["2.81750000","8032.60000000"],["2.81760000","10112.30000000"],["2.81770000","10581.10000000"],["2.81780000","15768.80000000"],["2.81790000","7885.50000000"],["2.81800000","6500.50000000"]]},{"timestamp":1757148599232,"lastUpdateId":21291794199,"bids":[["2.81600000","3251.30000000"],["2.81590000","1676.30000000"],["2.81580000","901.60000000"],["2.81570000","127.90000000"],["2.81560000","27375.20000000"],["2.81550000","198.20000000"],["2.81540000","4723.40000000"],["2.81530000","770.00000000"],["2.81520000","192.20000000"],["2.81510000","1349.80000000"],["2.81500000","17017.10000000"],["2.81490000","18223.60000000"],["2.81480000","9964.90000000"],["2.81470000","6744.30000000"],["2.81460000","2618.70000000"],["2.81450000","13418.70000000"],["2.81440000","13097.00000000"],["2.81430000","7550.00000000"],["2.81420000","3753.80000000"],["2.81410000","9726.80000000"]],"asks":[["2.81610000","7541.60000000"],["2.81620000","8288.30000000"],["2.81630000","2625.80000000"],["2.81640000","3406.70000000"],["2.81650000","1549.20000000"],["2.81660000","7670.20000000"],["2.81670000","14341.20000000"],["2.81680000","6363.30000000"],["2.81690000","7928.60000000"],["2.81700000","8516.60000000"],["2.81710000","9061.00000000"],["2.81720000","17785.30000000"],["2.81730000","9878.80000000"],["2.81740000","7729.80000000"],["2.81750000","6626.30000000"],["2.81760000","9122.90000000"],["2.81770000","8685.90000000"],["2.81780000","15763.80000000"],["2.81790000","7885.50000000"],["2.81800000","6500.50000000"]]},{"timestamp":1757148599232,"lastUpdateId":21291794199,"bids":[["2.81600000","3251.30000000"],["2.81590000","1676.30000000"],["2.81580000","901.60000000"],["2.81570000","127.90000000"],["2.81560000","27375.20000000"],["2.81550000","198.20000000"],["2.81540000","4723.40000000"],["2.81530000","770.00000000"],["2.81520000","192.20000000"],["2.81510000","1349.80000000"],["2.81500000","22232.90000000"],["2.81490000","15.10000000"],["2.81480000","1606.70000000"],["2.81470000","3125.60000000"],["2.81460000","1535.60000000"],["2.81450000","5280.50000000"],["2.81440000","22372.10000000"],["2.81430000","15159.10000000"],["2.81420000","11498.60000000"],["2.81410000","20666.10000000"]],"asks":[["2.81610000","4342.50000000"],["2.81620000","3233.20000000"],["2.81630000","6288.40000000"],["2.81640000","3881.00000000"],["2.81650000","10207.00000000"],["2.81660000","20521.00000000"],["2.81670000","14113.70000000"],["2.81680000","6687.70000000"],["2.81690000","5968.60000000"],["2.81700000","7387.20000000"],["2.81710000","4443.10000000"],["2.81720000","14569.70000000"],["2.81730000","6524.80000000"],["2.81740000","9762.10000000"],["2.81750000","9418.20000000"],["2.81760000","15699.00000000"],["2.81770000","10364.90000000"],["2.81780000","22359.10000000"],["2.81790000","7443.80000000"],["2.81800000","6660.50000000"]]},{"timestamp":1757148599232,"lastUpdateId":21291794199,"bids":[["2.81600000","3251.30000000"],["2.81590000","1676.30000000"],["2.81580000","901.60000000"],["2.81570000","127.90000000"],["2.81560000","27375.20000000"],["2.81550000","198.20000000"],["2.81540000","4723.40000000"],["2.81530000","770.00000000"],["2.81520000","192.20000000"],["2.81510000","1349.80000000"],["2.81500000","24568.20000000"],["2.81490000","539.60000000"],["2.81480000","2645.10000000"],["2.81470000","4004.00000000"],["2.81460000","3214.40000000"],["2.81450000","13335.60000000"],["2.81440000","22965.00000000"],["2.81430000","14243.00000000"],["2.81420000","10246.70000000"],["2.81410000","20664.30000000"]],"asks":[["2.81610000","4765.00000000"],["2.81620000","4863.40000000"],["2.81630000","6288.40000000"],["2.81640000","2942.40000000"],["2.81650000","10207.00000000"],["2.81660000","20522.80000000"],["2.81670000","11172.70000000"],["2.81680000","6265.50000000"],["2.81690000","4474.00000000"],["2.81700000","7325.50000000"],["2.81710000","4443.10000000"],["2.81720000","14569.70000000"],["2.81730000","6524.80000000"],["2.81740000","9762.10000000"],["2.81750000","9418.20000000"],["2.81760000","15699.00000000"],["2.81770000","10364.90000000"],["2.81780000","22359.10000000"],["2.81790000","7443.80000000"],["2.81800000","6660.50000000"]]},{"timestamp":1757148599232,"lastUpdateId":21291794199,"bids":[["2.81600000","3251.30000000"],["2.81590000","1676.30000000"],["2.81580000","901.60000000"],["2.81570000","127.90000000"],["2.81560000","27375.20000000"],["2.81550000","198.20000000"],["2.81540000","4723.40000000"],["2.81530000","770.00000000"],["2.81520000","192.20000000"],["2.81510000","1349.80000000"],["2.81500000","15735.70000000"],["2.81490000","791.90000000"],["2.81480000","3119.60000000"],["2.81470000","5454.60000000"],["2.81460000","14056.90000000"],["2.81450000","17572.10000000"],["2.81440000","26570.30000000"],["2.81430000","11021.50000000"],["2.81420000","3792.50000000"],["2.81410000","7878.50000000"]],"asks":[["2.81610000","11255.90000000"],["2.81620000","5782.50000000"],["2.81630000","12968.00000000"],["2.81640000","4468.70000000"],["2.81650000","10223.90000000"],["2.81660000","20522.80000000"],["2.81670000","11174.50000000"],["2.81680000","6265.50000000"],["2.81690000","4475.80000000"],["2.81700000","7325.50000000"],["2.81710000","3736.60000000"],["2.81720000","14394.70000000"],["2.81730000","6524.80000000"],["2.81740000","9762.10000000"],["2.81750000","9418.20000000"],["2.81760000","15699.00000000"],["2.81770000","10364.90000000"],["2.81780000","22359.10000000"],["2.81790000","7443.80000000"],["2.81800000","6660.50000000"]]},{"timestamp":1757148599232,"lastUpdateId":21291794199,"bids":[["2.81600000","3251.30000000"],["2.81590000","1676.30000000"],["2.81580000","901.60000000"],["2.81570000","127.90000000"],["2.81560000","27375.20000000"],["2.81550000","198.20000000"],["2.81540000","4723.40000000"],["2.81530000","770.00000000"],["2.81520000","192.20000000"],["2.81510000","1349.80000000"],["2.81500000","10492.00000000"],["2.81490000","15.10000000"],["2.81480000","1615.10000000"],["2.81470000","3550.10000000"],["2.81460000","1655.50000000"],["2.81450000","4902.50000000"],["2.81440000","15871.00000000"],["2.81430000","18431.40000000"],["2.81420000","18558.90000000"],["2.81410000","10126.30000000"]],"asks":[["2.81610000","4357.60000000"],["2.81620000","3268.30000000"],["2.81630000","6288.60000000"],["2.81640000","2940.60000000"],["2.81650000","10207.20000000"],["2.81660000","22799.30000000"],["2.81670000","11170.90000000"],["2.81680000","5321.30000000"],["2.81690000","1535.10000000"],["2.81700000","6770.30000000"],["2.81710000","3736.60000000"],["2.81720000","14394.70000000"],["2.81730000","6524.80000000"],["2.81740000","9762.10000000"],["2.81750000","9418.20000000"],["2.81760000","15169.30000000"],["2.81770000","10364.90000000"],["2.81780000","22359.10000000"],["2.81790000","8320.00000000"],["2.81800000","7855.20000000"]]},{"timestamp":1757148599232,"lastUpdateId":21291794199,"bids":[["2.81600000","4896.70000000"],["2.81590000","610.30000000"],["2.81580000","901.60000000"],["2.81570000","1193.90000000"],["2.81560000","3159.40000000"],["2.81550000","4736.50000000"],["2.81540000","10532.00000000"],["2.81530000","12894.20000000"],["2.81520000","24702.80000000"],["2.81510000","14235.90000000"],["2.81500000","21438.70000000"],["2.81490000","7503.00000000"],["2.81480000","11722.70000000"],["2.81470000","8661.50000000"],["2.81460000","15719.20000000"],["2.81450000","10295.30000000"],["2.81440000","3453.60000000"],["2.81430000","5315.70000000"],["2.81420000","4577.50000000"],["2.81410000","11878.90000000"]],"asks":[["2.81610000","96942.70000000"],["2.81620000","20252.80000000"],["2.81630000","6671.10000000"],["2.81640000","7194.40000000"],["2.81650000","21174.40000000"],["2.81660000","48680.50000000"],["2.81670000","39214.10000000"],["2.81680000","20595.20000000"],["2.81690000","5308.80000000"],["2.81700000","18777.90000000"],["2.81710000","3802.20000000"],["2.81720000","14198.00000000"],["2.81730000","5954.30000000"],["2.81740000","10033.50000000"],["2.81750000","8226.50000000"],["2.81760000","9342.80000000"],["2.81770000","8718.30000000"],["2.81780000","16728.40000000"],["2.81790000","8234.70000000"],["2.81800000","9381.90000000"]]},{"timestamp":1757148569231,"lastUpdateId":21291793139,"bids":[["2.81610000","19360.90000000"],["2.81600000","3251.30000000"],["2.81590000","1676.30000000"],["2.81580000","901.60000000"],["2.81570000","127.90000000"],["2.81560000","27375.20000000"],["2.81550000","198.20000000"],["2.81540000","4723.40000000"],["2.81530000","770.00000000"],["2.81520000","192.20000000"],["2.81510000","1349.80000000"],["2.81500000","5929.10000000"],["2.81490000","4318.10000000"],["2.81480000","13178.50000000"],["2.81470000","15685.30000000"],["2.81460000","15525.60000000"],["2.81450000","19673.50000000"],["2.81440000","22888.60000000"],["2.81430000","14311.90000000"],["2.81420000","4634.40000000"]],"asks":[["2.81620000","527.20000000"],["2.81630000","23198.80000000"],["2.81640000","5195.70000000"],["2.81650000","5049.30000000"],["2.81660000","19305.40000000"],["2.81670000","10806.10000000"],["2.81680000","7666.50000000"],["2.81690000","5534.90000000"],["2.81700000","7638.80000000"],["2.81710000","11516.60000000"],["2.81720000","19694.20000000"],["2.81730000","7484.40000000"],["2.81740000","6153.80000000"],["2.81750000","7963.50000000"],["2.81760000","10112.30000000"],["2.81770000","10936.20000000"],["2.81780000","16829.10000000"],["2.81790000","7448.90000000"],["2.81800000","8430.50000000"],["2.81810000","5323.10000000"]]},{"timestamp":1757148569231,"lastUpdateId":21291793139,"bids":[["2.81610000","19360.90000000"],["2.81600000","3251.30000000"],["2.81590000","1676.30000000"],["2.81580000","901.60000000"],["2.81570000","127.90000000"],["2.81560000","27375.20000000"],["2.81550000","198.20000000"],["2.81540000","4723.40000000"],["2.81530000","770.00000000"],["2.81520000","192.20000000"],["2.81510000","1349.80000000"],["2.81500000","7263.50000000"],["2.81490000","2671.20000000"],["2.81480000","7528.70000000"],["2.81470000","15507.80000000"],["2.81460000","13783.90000000"],["2.81450000","14350.90000000"],["2.81440000","23458.20000000"],["2.81430000","14831.60000000"],["2.81420000","5848.70000000"]],"asks":[["2.81620000","527.20000000"],["2.81630000","23198.80000000"],["2.81640000","5195.70000000"],["2.81650000","5333.20000000"],["2.81660000","19305.40000000"],["2.81670000","10806.10000000"],["2.81680000","5984.80000000"],["2.81690000","2594.10000000"],["2.81700000","7638.80000000"],["2.81710000","11516.60000000"],["2.81720000","19741.00000000"],["2.81730000","7484.40000000"],["2.81740000","9094.10000000"],["2.81750000","7963.50000000"],["2.81760000","10112.30000000"],["2.81770000","10581.10000000"],["2.81780000","16829.10000000"],["2.81790000","7448.90000000"],["2.81800000","6500.50000000"],["2.81810000","5523.10000000"]]},{"timestamp":1757148569231,"lastUpdateId":21291793139,"bids":[["2.81610000","19360.90000000"],["2.81600000","3251.30000000"],["2.81590000","1676.30000000"],["2.81580000","901.60000000"],["2.81570000","127.90000000"],["2.81560000","27375.20000000"],["2.81550000","198.20000000"],["2.81540000","4723.40000000"],["2.81530000","770.00000000"],["2.81520000","192.20000000"],["2.81510000","1349.80000000"],["2.81500000","10412.20000000"],["2.81490000","19023.20000000"],["2.81480000","12488.60000000"],["2.81470000","6742.30000000"],["2.81460000","2697.20000000"],["2.81450000","15520.80000000"],["2.81440000","15473.10000000"],["2.81430000","4609.20000000"],["2.81420000","3257.20000000"]],"asks":[["2.81620000","527.20000000"],["2.81630000","31860.50000000"],["2.81640000","9316.20000000"],["2.81650000","6688.70000000"],["2.81660000","20043.10000000"],["2.81670000","8857.00000000"],["2.81680000","9605.00000000"],["2.81690000","9612.10000000"],["2.81700000","7116.60000000"],["2.81710000","9061.00000000"],["2.81720000","18625.50000000"],["2.81730000","5802.30000000"],["2.81740000","5929.40000000"],["2.81750000","10972.90000000"],["2.81760000","10112.30000000"],["2.81770000","11021.50000000"],["2.81780000","16834.10000000"],["2.81790000","7885.50000000"],["2.81800000","6500.50000000"],["2.81810000","5602.80000000"]]},{"timestamp":1757148569231,"lastUpdateId":21291793139,"bids":[["2.81610000","19360.90000000"],["2.81600000","3251.30000000"],["2.81590000","1676.30000000"],["2.81580000","901.60000000"],["2.81570000","127.90000000"],["2.81560000","27375.20000000"],["2.81550000","198.20000000"],["2.81540000","4723.40000000"],["2.81530000","770.00000000"],["2.81520000","192.20000000"],["2.81510000","1349.80000000"],["2.81500000","15618.30000000"],["2.81490000","19004.70000000"],["2.81480000","13702.90000000"],["2.81470000","6742.30000000"],["2.81460000","2697.20000000"],["2.81450000","15101.80000000"],["2.81440000","15473.10000000"],["2.81430000","5028.20000000"],["2.81420000","3257.20000000"]],"asks":[["2.81620000","527.20000000"],["2.81630000","31321.80000000"],["2.81640000","9314.20000000"],["2.81650000","6688.70000000"],["2.81660000","20122.50000000"],["2.81670000","8573.10000000"],["2.81680000","8362.70000000"],["2.81690000","9629.00000000"],["2.81700000","8175.20000000"],["2.81710000","9061.00000000"],["2.81720000","17783.10000000"],["2.81730000","5802.30000000"],["2.81740000","6369.80000000"],["2.81750000","10972.90000000"],["2.81760000","10112.30000000"],["2.81770000","10581.10000000"],["2.81780000","15768.80000000"],["2.81790000","7885.50000000"],["2.81800000","6500.50000000"],["2.81810000","5602.80000000"]]},{"timestamp":1757148569231,"lastUpdateId":21291793139,"bids":[["2.81610000","19360.90000000"],["2.81600000","3251.30000000"],["2.81590000","1676.30000000"],["2.81580000","901.60000000"],["2.81570000","127.90000000"],["2.81560000","27375.20000000"],["2.81550000","198.20000000"],["2.81540000","4723.40000000"],["2.81530000","770.00000000"],["2.81520000","192.20000000"],["2.81510000","1349.80000000"],["2.81500000","14475.20000000"],["2.81490000","16982.00000000"],["2.81480000","8292.10000000"],["2.81470000","19544.70000000"],["2.81460000","4477.40000000"],["2.81450000","19810.60000000"],["2.81440000","12534.60000000"],["2.81430000","5870.80000000"],["2.81420000","6197.30000000"]],"asks":[["2.81620000","527.20000000"],["2.81630000","39573.90000000"],["2.81640000","10361.30000000"],["2.81650000","4851.00000000"],["2.81660000","19996.40000000"],["2.81670000","7332.40000000"],["2.81680000","5986.80000000"],["2.81690000","2507.60000000"],["2.81700000","8173.20000000"],["2.81710000","9061.00000000"],["2.81720000","18580.70000000"],["2.81730000","8741.20000000"],["2.81740000","6833.40000000"],["2.81750000","8032.60000000"],["2.81760000","10112.30000000"],["2.81770000","10581.10000000"],["2.81780000","15768.80000000"],["2.81790000","7885.50000000"],["2.81800000","6500.50000000"],["2.81810000","5664.50000000"]]},{"timestamp":1757148569231,"lastUpdateId":21291793139,"bids":[["2.81610000","19360.90000000"],["2.81600000","3251.30000000"],["2.81590000","1676.30000000"],["2.81580000","901.60000000"],["2.81570000","127.90000000"],["2.81560000","27375.20000000"],["2.81550000","198.20000000"],["2.81540000","4723.40000000"],["2.81530000","770.00000000"],["2.81520000","192.20000000"],["2.81510000","1349.80000000"],["2.81500000","17017.10000000"],["2.81490000","18223.60000000"],["2.81480000","9964.90000000"],["2.81470000","6744.30000000"],["2.81460000","2618.70000000"],["2.81450000","13418.70000000"],["2.81440000","13097.00000000"],["2.81430000","7550.00000000"],["2.81420000","3753.80000000"]],"asks":[["2.81620000","8288.30000000"],["2.81630000","2625.80000000"],["2.81640000","3406.70000000"],["2.81650000","1549.20000000"],["2.81660000","7670.20000000"],["2.81670000","14341.20000000"],["2.81680000","6363.30000000"],["2.81690000","7928.60000000"],["2.81700000","8516.60000000"],["2.81710000","9061.00000000"],["2.81720000","17785.30000000"],["2.81730000","9878.80000000"],["2.81740000","7729.80000000"],["2.81750000","6626.30000000"],["2.81760000","9122.90000000"],["2.81770000","8685.90000000"],["2.81780000","15763.80000000"],["2.81790000","7885.50000000"],["2.81800000","6500.50000000"],["2.81810000","4623.80000000"]]},{"timestamp":1757148569231,"lastUpdateId":21291793139,"bids":[["2.81610000","19360.90000000"],["2.81600000","3251.30000000"],["2.81590000","1676.30000000"],["2.81580000","901.60000000"],["2.81570000","127.90000000"],["2.81560000","27375.20000000"],["2.81550000","198.20000000"],["2.81540000","4723.40000000"],["2.81530000","770.00000000"],["2.81520000","192.20000000"],["2.81510000","1349.80000000"],["2.81500000","22232.90000000"],["2.81490000","15.10000000"],["2.81480000","1606.70000000"],["2.81470000","3125.60000000"],["2.81460000","1535.60000000"],["2.81450000","5280.50000000"],["2.81440000","22372.10000000"],["2.81430000","15159.10000000"],["2.81420000","11498.60000000"]],"asks":[["2.81620000","3233.20000000"],["2.81630000","6288.40000000"],["2.81640000","3881.00000000"],["2.81650000","10207.00000000"],["2.81660000","20521.00000000"],["2.81670000","14113.70000000"],["2.81680000","6687.70000000"],["2.81690000","5968.60000000"],["2.81700000","7387.20000000"],["2.81710000","4443.10000000"],["2.81720000","14569.70000000"],["2.81730000","6524.80000000"],["2.81740000","9762.10000000"],["2.81750000","9418.20000000"],["2.81760000","15699.00000000"],["2.81770000","10364.90000000"],["2.81780000","22359.10000000"],["2.81790000","7443.80000000"],["2.81800000","6660.50000000"],["2.81810000","4623.80000000"]]},{"timestamp":1757148569231,"lastUpdateId":21291793139,"bids":[["2.81610000","19360.90000000"],["2.81600000","3251.30000000"],["2.81590000","1676.30000000"],["2.81580000","901.60000000"],["2.81570000","127.90000000"],["2.81560000","27375.20000000"],["2.81550000","198.20000000"],["2.81540000","4723.40000000"],["2.81530000","770.00000000"],["2.81520000","192.20000000"],["2.81510000","1349.80000000"],["2.81500000","24568.20000000"],["2.81490000","539.60000000"],["2.81480000","2645.10000000"],["2.81470000","4004.00000000"],["2.81460000","3214.40000000"],["2.81450000","13335.60000000"],["2.81440000","22965.00000000"],["2.81430000","14243.00000000"],["2.81420000","10246.70000000"]],"asks":[["2.81620000","4863.40000000"],["2.81630000","6288.40000000"],["2.81640000","2942.40000000"],["2.81650000","10207.00000000"],["2.81660000","20522.80000000"],["2.81670000","11172.70000000"],["2.81680000","6265.50000000"],["2.81690000","4474.00000000"],["2.81700000","7325.50000000"],["2.81710000","4443.10000000"],["2.81720000","14569.70000000"],["2.81730000","6524.80000000"],["2.81740000","9762.10000000"],["2.81750000","9418.20000000"],["2.81760000","15699.00000000"],["2.81770000","10364.90000000"],["2.81780000","22359.10000000"],["2.81790000","7443.80000000"],["2.81800000","6660.50000000"],["2.81810000","4623.80000000"]]},{"timestamp":1757148569231,"lastUpdateId":21291793139,"bids":[["2.81610000","19360.90000000"],["2.81600000","3251.30000000"],["2.81590000","1676.30000000"],["2.81580000","901.60000000"],["2.81570000","127.90000000"],["2.81560000","27375.20000000"],["2.81550000","198.20000000"],["2.81540000","4723.40000000"],["2.81530000","770.00000000"],["2.81520000","192.20000000"],["2.81510000","1349.80000000"],["2.81500000","15735.70000000"],["2.81490000","791.90000000"],["2.81480000","3119.60000000"],["2.81470000","5454.60000000"],["2.81460000","14056.90000000"],["2.81450000","17572.10000000"],["2.81440000","26570.30000000"],["2.81430000","11021.50000000"],["2.81420000","3792.50000000"]],"asks":[["2.81620000","5782.50000000"],["2.81630000","12968.00000000"],["2.81640000","4468.70000000"],["2.81650000","10223.90000000"],["2.81660000","20522.80000000"],["2.81670000","11174.50000000"],["2.81680000","6265.50000000"],["2.81690000","4475.80000000"],["2.81700000","7325.50000000"],["2.81710000","3736.60000000"],["2.81720000","14394.70000000"],["2.81730000","6524.80000000"],["2.81740000","9762.10000000"],["2.81750000","9418.20000000"],["2.81760000","15699.00000000"],["2.81770000","10364.90000000"],["2.81780000","22359.10000000"],["2.81790000","7443.80000000"],["2.81800000","6660.50000000"],["2.81810000","5069.10000000"]]}